;; -*- mode: org; mode: beancount; -*-
;; Birth: 1980-05-12
;; Dates: 2021-01-01 - 2023-06-22
;; THIS FILE HAS BEEN AUTO-GENERATED.
* Options

option "title" "Example Beancount file"
option "operating_currency" "USD"




* Commodities


1792-01-01 commodity USD
  export: "CASH"
  name: "US Dollar"

1900-01-01 commodity VMMXX
  export: "MUTF:VMMXX (MONEY:USD)"

1980-05-12 commodity VACHR
  export: "IGNORE"
  name: "Employer Vacation Hours"

1980-05-12 commodity IRAUSD
  export: "IGNORE"
  name: "US 401k and IRA Contributions"

1995-09-18 commodity VBMPX
  export: "MUTF:VBMPX"
  name: "Vanguard Total Bond Market Index Fund Institutional Plus Shares"
  price: "USD:google/MUTF:VBMPX"

2004-01-20 commodity ITOT
  export: "NYSEARCA:ITOT"
  name: "iShares Core S&P Total U.S. Stock Market ETF"
  price: "USD:google/NYSEARCA:ITOT"

2004-01-26 commodity VHT
  export: "NYSEARCA:VHT"
  name: "Vanguard Health Care ETF"
  price: "USD:google/NYSEARCA:VHT"

2004-11-01 commodity GLD
  export: "NYSEARCA:GLD"
  name: "SPDR Gold Trust (ETF)"
  price: "USD:google/NYSEARCA:GLD"

2007-07-20 commodity VEA
  export: "NYSEARCA:VEA"
  name: "Vanguard FTSE Developed Markets ETF"
  price: "USD:google/NYSEARCA:VEA"

2009-05-01 commodity RGAGX
  export: "MUTF:RGAGX"
  name: "American Funds The Growth Fund of America Class R-6"
  price: "USD:google/MUTF:RGAGX"



* Equity Accounts

1980-05-12 open Equity:Opening-Balances
1980-05-12 open Liabilities:AccountsPayable



* Banking

2021-01-01 open Assets:US:BofA
  address: "123 America Street, LargeTown, USA"
  institution: "Bank of America"
  phone: "+1.012.345.6789"
2021-01-01 open Assets:US:BofA:Checking                        USD
  account: "00234-48574897"

2021-01-01 * "Opening Balance for checking account"
  Assets:US:BofA:Checking                         4469.31 USD
  Equity:Opening-Balances                        -4469.31 USD

2021-01-02 balance Assets:US:BofA:Checking        4469.31 USD

2021-01-03 * "RiverBank Properties" "Paying the rent"
  Assets:US:BofA:Checking                        -2400.00 USD
  Expenses:Home:Rent                              2400.00 USD

2021-01-04 * "BANK FEES" "Monthly bank fee"
  Assets:US:BofA:Checking                           -4.00 USD
  Expenses:Financial:Fees                            4.00 USD

2021-01-09 * "EDISON POWER" ""
  Assets:US:BofA:Checking                          -65.00 USD
  Expenses:Home:Electricity                         65.00 USD

2021-01-18 * "Verizon Wireless" ""
  Assets:US:BofA:Checking                          -68.90 USD
  Expenses:Home:Phone                               68.90 USD

2021-01-21 * "Wine-Tarner Cable" ""
  Assets:US:BofA:Checking                          -80.17 USD
  Expenses:Home:Internet                            80.17 USD

2021-01-27 balance Assets:US:BofA:Checking        4463.62 USD

2021-02-04 * "BANK FEES" "Monthly bank fee"
  Assets:US:BofA:Checking                           -4.00 USD
  Expenses:Financial:Fees                            4.00 USD

2021-02-05 * "RiverBank Properties" "Paying the rent"
  Assets:US:BofA:Checking                        -2400.00 USD
  Expenses:Home:Rent                              2400.00 USD

2021-02-08 * "EDISON POWER" ""
  Assets:US:BofA:Checking                          -65.00 USD
  Expenses:Home:Electricity                         65.00 USD

2021-02-16 balance Assets:US:BofA:Checking        2783.87 USD

2021-02-18 * "Verizon Wireless" ""
  Assets:US:BofA:Checking                          -49.04 USD
  Expenses:Home:Phone                               49.04 USD

2021-02-21 * "Wine-Tarner Cable" ""
  Assets:US:BofA:Checking                          -80.09 USD
  Expenses:Home:Internet                            80.09 USD

2021-03-04 * "BANK FEES" "Monthly bank fee"
  Assets:US:BofA:Checking                           -4.00 USD
  Expenses:Financial:Fees                            4.00 USD

2021-03-05 * "RiverBank Properties" "Paying the rent"
  Assets:US:BofA:Checking                        -2400.00 USD
  Expenses:Home:Rent                              2400.00 USD

2021-03-09 balance Assets:US:BofA:Checking        2405.64 USD

2021-03-09 * "EDISON POWER" ""
  Assets:US:BofA:Checking                          -65.00 USD
  Expenses:Home:Electricity                         65.00 USD

2021-03-18 * "Verizon Wireless" ""
  Assets:US:BofA:Checking                          -52.66 USD
  Expenses:Home:Phone                               52.66 USD

2021-03-21 * "Wine-Tarner Cable" ""
  Assets:US:BofA:Checking                          -80.09 USD
  Expenses:Home:Internet                            80.09 USD

2021-03-30 balance Assets:US:BofA:Checking        3558.49 USD

2021-04-03 * "RiverBank Properties" "Paying the rent"
  Assets:US:BofA:Checking                        -2400.00 USD
  Expenses:Home:Rent                              2400.00 USD

2021-04-04 * "BANK FEES" "Monthly bank fee"
  Assets:US:BofA:Checking                           -4.00 USD
  Expenses:Financial:Fees                            4.00 USD

2021-04-08 * "EDISON POWER" ""
  Assets:US:BofA:Checking                          -65.00 USD
  Expenses:Home:Electricity                         65.00 USD

2021-04-20 * "Verizon Wireless" ""
  Assets:US:BofA:Checking                          -53.96 USD
  Expenses:Home:Phone                               53.96 USD

2021-04-22 balance Assets:US:BofA:Checking        3031.72 USD

2021-04-22 * "Wine-Tarner Cable" ""
  Assets:US:BofA:Checking                          -80.04 USD
  Expenses:Home:Internet                            80.04 USD

2021-05-04 * "BANK FEES" "Monthly bank fee"
  Assets:US:BofA:Checking                           -4.00 USD
  Expenses:Financial:Fees                            4.00 USD

2021-05-06 * "RiverBank Properties" "Paying the rent"
  Assets:US:BofA:Checking                        -2400.00 USD
  Expenses:Home:Rent                              2400.00 USD

2021-05-08 * "EDISON POWER" ""
  Assets:US:BofA:Checking                          -65.00 USD
  Expenses:Home:Electricity                         65.00 USD

2021-05-13 balance Assets:US:BofA:Checking        1066.79 USD

2021-05-19 * "Verizon Wireless" ""
  Assets:US:BofA:Checking                          -61.66 USD
  Expenses:Home:Phone                               61.66 USD

2021-05-23 * "Wine-Tarner Cable" ""
  Assets:US:BofA:Checking                          -79.92 USD
  Expenses:Home:Internet                            79.92 USD

2021-06-04 * "BANK FEES" "Monthly bank fee"
  Assets:US:BofA:Checking                           -4.00 USD
  Expenses:Financial:Fees                            4.00 USD

2021-06-04 * "RiverBank Properties" "Paying the rent"
  Assets:US:BofA:Checking                        -2400.00 USD
  Expenses:Home:Rent                              2400.00 USD

2021-06-05 balance Assets:US:BofA:Checking        1222.41 USD

2021-06-08 * "EDISON POWER" ""
  Assets:US:BofA:Checking                          -65.00 USD
  Expenses:Home:Electricity                         65.00 USD

2021-06-20 * "Verizon Wireless" ""
  Assets:US:BofA:Checking                          -48.29 USD
  Expenses:Home:Phone                               48.29 USD

2021-06-21 * "Wine-Tarner Cable" ""
  Assets:US:BofA:Checking                          -79.98 USD
  Expenses:Home:Internet                            79.98 USD

2021-07-04 * "BANK FEES" "Monthly bank fee"
  Assets:US:BofA:Checking                           -4.00 USD
  Expenses:Financial:Fees                            4.00 USD

2021-07-04 * "RiverBank Properties" "Paying the rent"
  Assets:US:BofA:Checking                        -2400.00 USD
  Expenses:Home:Rent                              2400.00 USD

2021-07-05 balance Assets:US:BofA:Checking         617.69 USD

2021-07-08 * "EDISON POWER" ""
  Assets:US:BofA:Checking                          -65.00 USD
  Expenses:Home:Electricity                         65.00 USD

2021-07-20 * "Verizon Wireless" ""
  Assets:US:BofA:Checking                          -70.11 USD
  Expenses:Home:Phone                               70.11 USD

2021-07-22 * "Wine-Tarner Cable" ""
  Assets:US:BofA:Checking                          -79.89 USD
  Expenses:Home:Internet                            79.89 USD

2021-07-28 balance Assets:US:BofA:Checking        2486.20 USD

2021-08-04 * "BANK FEES" "Monthly bank fee"
  Assets:US:BofA:Checking                           -4.00 USD
  Expenses:Financial:Fees                            4.00 USD

2021-08-05 * "RiverBank Properties" "Paying the rent"
  Assets:US:BofA:Checking                        -2400.00 USD
  Expenses:Home:Rent                              2400.00 USD

2021-08-08 * "EDISON POWER" ""
  Assets:US:BofA:Checking                          -65.00 USD
  Expenses:Home:Electricity                         65.00 USD

2021-08-20 balance Assets:US:BofA:Checking        3964.66 USD

2021-08-20 * "Verizon Wireless" ""
  Assets:US:BofA:Checking                          -74.25 USD
  Expenses:Home:Phone                               74.25 USD

2021-08-22 * "Wine-Tarner Cable" ""
  Assets:US:BofA:Checking                          -80.08 USD
  Expenses:Home:Internet                            80.08 USD

2021-09-04 * "BANK FEES" "Monthly bank fee"
  Assets:US:BofA:Checking                           -4.00 USD
  Expenses:Financial:Fees                            4.00 USD

2021-09-06 * "RiverBank Properties" "Paying the rent"
  Assets:US:BofA:Checking                        -2400.00 USD
  Expenses:Home:Rent                              2400.00 USD

2021-09-09 * "EDISON POWER" ""
  Assets:US:BofA:Checking                          -65.00 USD
  Expenses:Home:Electricity                         65.00 USD

2021-09-14 balance Assets:US:BofA:Checking        3106.64 USD

2021-09-17 * "Transfering accumulated savings to other account"
  Assets:US:BofA:Checking                           -4500 USD
  Assets:US:ETrade:Cash                              4500 USD

2021-09-20 * "Verizon Wireless" ""
  Assets:US:BofA:Checking                          -51.56 USD
  Expenses:Home:Phone                               51.56 USD

2021-09-23 * "Wine-Tarner Cable" ""
  Assets:US:BofA:Checking                          -79.92 USD
  Expenses:Home:Internet                            79.92 USD

2021-10-04 * "BANK FEES" "Monthly bank fee"
  Assets:US:BofA:Checking                           -4.00 USD
  Expenses:Financial:Fees                            4.00 USD

2021-10-06 * "RiverBank Properties" "Paying the rent"
  Assets:US:BofA:Checking                        -2400.00 USD
  Expenses:Home:Rent                              2400.00 USD

2021-10-08 * "EDISON POWER" ""
  Assets:US:BofA:Checking                          -65.00 USD
  Expenses:Home:Electricity                         65.00 USD

2021-10-11 balance Assets:US:BofA:Checking         432.24 USD

2021-10-18 * "Verizon Wireless" ""
  Assets:US:BofA:Checking                          -79.99 USD
  Expenses:Home:Phone                               79.99 USD

2021-10-21 * "Wine-Tarner Cable" ""
  Assets:US:BofA:Checking                          -79.86 USD
  Expenses:Home:Internet                            79.86 USD

2021-11-04 * "BANK FEES" "Monthly bank fee"
  Assets:US:BofA:Checking                           -4.00 USD
  Expenses:Financial:Fees                            4.00 USD

2021-11-04 * "RiverBank Properties" "Paying the rent"
  Assets:US:BofA:Checking                        -2400.00 USD
  Expenses:Home:Rent                              2400.00 USD

2021-11-09 balance Assets:US:BofA:Checking        2969.59 USD

2021-11-09 * "EDISON POWER" ""
  Assets:US:BofA:Checking                          -65.00 USD
  Expenses:Home:Electricity                         65.00 USD

2021-11-12 * "Transfering accumulated savings to other account"
  Assets:US:BofA:Checking                           -3000 USD
  Assets:US:ETrade:Cash                              3000 USD

2021-11-20 * "Verizon Wireless" ""
  Assets:US:BofA:Checking                          -77.11 USD
  Expenses:Home:Phone                               77.11 USD

2021-11-21 * "Wine-Tarner Cable" ""
  Assets:US:BofA:Checking                          -79.91 USD
  Expenses:Home:Internet                            79.91 USD

2021-12-04 * "BANK FEES" "Monthly bank fee"
  Assets:US:BofA:Checking                           -4.00 USD
  Expenses:Financial:Fees                            4.00 USD

2021-12-06 * "RiverBank Properties" "Paying the rent"
  Assets:US:BofA:Checking                        -2400.00 USD
  Expenses:Home:Rent                              2400.00 USD

2021-12-08 balance Assets:US:BofA:Checking        1766.34 USD

2021-12-09 * "EDISON POWER" ""
  Assets:US:BofA:Checking                          -65.00 USD
  Expenses:Home:Electricity                         65.00 USD

2021-12-20 * "Verizon Wireless" ""
  Assets:US:BofA:Checking                          -59.12 USD
  Expenses:Home:Phone                               59.12 USD

2021-12-22 * "Wine-Tarner Cable" ""
  Assets:US:BofA:Checking                          -80.09 USD
  Expenses:Home:Internet                            80.09 USD

2022-01-04 * "BANK FEES" "Monthly bank fee"
  Assets:US:BofA:Checking                           -4.00 USD
  Expenses:Financial:Fees                            4.00 USD

2022-01-06 * "RiverBank Properties" "Paying the rent"
  Assets:US:BofA:Checking                        -2400.00 USD
  Expenses:Home:Rent                              2400.00 USD

2022-01-07 balance Assets:US:BofA:Checking        5100.68 USD

2022-01-09 * "EDISON POWER" ""
  Assets:US:BofA:Checking                          -65.00 USD
  Expenses:Home:Electricity                         65.00 USD

2022-01-18 * "Verizon Wireless" ""
  Assets:US:BofA:Checking                          -75.51 USD
  Expenses:Home:Phone                               75.51 USD

2022-01-21 * "Wine-Tarner Cable" ""
  Assets:US:BofA:Checking                          -80.04 USD
  Expenses:Home:Internet                            80.04 USD

2022-02-03 balance Assets:US:BofA:Checking        5620.77 USD

2022-02-04 * "BANK FEES" "Monthly bank fee"
  Assets:US:BofA:Checking                           -4.00 USD
  Expenses:Financial:Fees                            4.00 USD

2022-02-04 * "RiverBank Properties" "Paying the rent"
  Assets:US:BofA:Checking                        -2400.00 USD
  Expenses:Home:Rent                              2400.00 USD

2022-02-09 * "EDISON POWER" ""
  Assets:US:BofA:Checking                          -65.00 USD
  Expenses:Home:Electricity                         65.00 USD

2022-02-19 * "Verizon Wireless" ""
  Assets:US:BofA:Checking                          -74.84 USD
  Expenses:Home:Phone                               74.84 USD

2022-02-22 * "Wine-Tarner Cable" ""
  Assets:US:BofA:Checking                          -80.17 USD
  Expenses:Home:Internet                            80.17 USD

2022-02-28 balance Assets:US:BofA:Checking        5380.09 USD

2022-03-04 * "BANK FEES" "Monthly bank fee"
  Assets:US:BofA:Checking                           -4.00 USD
  Expenses:Financial:Fees                            4.00 USD

2022-03-04 * "RiverBank Properties" "Paying the rent"
  Assets:US:BofA:Checking                        -2400.00 USD
  Expenses:Home:Rent                              2400.00 USD

2022-03-08 * "EDISON POWER" ""
  Assets:US:BofA:Checking                          -65.00 USD
  Expenses:Home:Electricity                         65.00 USD

2022-03-19 * "Verizon Wireless" ""
  Assets:US:BofA:Checking                          -60.44 USD
  Expenses:Home:Phone                               60.44 USD

2022-03-20 balance Assets:US:BofA:Checking        4783.89 USD

2022-03-21 * "Wine-Tarner Cable" ""
  Assets:US:BofA:Checking                          -80.10 USD
  Expenses:Home:Internet                            80.10 USD

2022-04-04 * "BANK FEES" "Monthly bank fee"
  Assets:US:BofA:Checking                           -4.00 USD
  Expenses:Financial:Fees                            4.00 USD

2022-04-06 * "RiverBank Properties" "Paying the rent"
  Assets:US:BofA:Checking                        -2400.00 USD
  Expenses:Home:Rent                              2400.00 USD

2022-04-08 * "EDISON POWER" ""
  Assets:US:BofA:Checking                          -65.00 USD
  Expenses:Home:Electricity                         65.00 USD

2022-04-10 balance Assets:US:BofA:Checking        2879.03 USD

2022-04-19 * "Verizon Wireless" ""
  Assets:US:BofA:Checking                          -74.64 USD
  Expenses:Home:Phone                               74.64 USD

2022-04-21 * "Wine-Tarner Cable" ""
  Assets:US:BofA:Checking                          -80.12 USD
  Expenses:Home:Internet                            80.12 USD

2022-05-04 * "BANK FEES" "Monthly bank fee"
  Assets:US:BofA:Checking                           -4.00 USD
  Expenses:Financial:Fees                            4.00 USD

2022-05-04 * "RiverBank Properties" "Paying the rent"
  Assets:US:BofA:Checking                        -2400.00 USD
  Expenses:Home:Rent                              2400.00 USD

2022-05-05 balance Assets:US:BofA:Checking        2251.69 USD

2022-05-08 * "EDISON POWER" ""
  Assets:US:BofA:Checking                          -65.00 USD
  Expenses:Home:Electricity                         65.00 USD

2022-05-18 * "Verizon Wireless" ""
  Assets:US:BofA:Checking                          -50.63 USD
  Expenses:Home:Phone                               50.63 USD

2022-05-23 * "Wine-Tarner Cable" ""
  Assets:US:BofA:Checking                          -80.01 USD
  Expenses:Home:Internet                            80.01 USD

2022-06-04 balance Assets:US:BofA:Checking        4207.49 USD

2022-06-04 * "BANK FEES" "Monthly bank fee"
  Assets:US:BofA:Checking                           -4.00 USD
  Expenses:Financial:Fees                            4.00 USD

2022-06-05 * "RiverBank Properties" "Paying the rent"
  Assets:US:BofA:Checking                        -2400.00 USD
  Expenses:Home:Rent                              2400.00 USD

2022-06-09 * "EDISON POWER" ""
  Assets:US:BofA:Checking                          -65.00 USD
  Expenses:Home:Electricity                         65.00 USD

2022-06-18 * "Verizon Wireless" ""
  Assets:US:BofA:Checking                          -53.27 USD
  Expenses:Home:Phone                               53.27 USD

2022-06-23 * "Wine-Tarner Cable" ""
  Assets:US:BofA:Checking                          -80.18 USD
  Expenses:Home:Internet                            80.18 USD

2022-06-25 balance Assets:US:BofA:Checking        3621.26 USD

2022-07-04 * "BANK FEES" "Monthly bank fee"
  Assets:US:BofA:Checking                           -4.00 USD
  Expenses:Financial:Fees                            4.00 USD

2022-07-05 * "RiverBank Properties" "Paying the rent"
  Assets:US:BofA:Checking                        -2400.00 USD
  Expenses:Home:Rent                              2400.00 USD

2022-07-08 * "EDISON POWER" ""
  Assets:US:BofA:Checking                          -65.00 USD
  Expenses:Home:Electricity                         65.00 USD

2022-07-16 balance Assets:US:BofA:Checking        1794.74 USD

2022-07-20 * "Verizon Wireless" ""
  Assets:US:BofA:Checking                          -70.93 USD
  Expenses:Home:Phone                               70.93 USD

2022-07-22 * "Wine-Tarner Cable" ""
  Assets:US:BofA:Checking                          -80.04 USD
  Expenses:Home:Internet                            80.04 USD

2022-08-03 * "RiverBank Properties" "Paying the rent"
  Assets:US:BofA:Checking                        -2400.00 USD
  Expenses:Home:Rent                              2400.00 USD

2022-08-04 * "BANK FEES" "Monthly bank fee"
  Assets:US:BofA:Checking                           -4.00 USD
  Expenses:Financial:Fees                            4.00 USD

2022-08-09 * "EDISON POWER" ""
  Assets:US:BofA:Checking                          -65.00 USD
  Expenses:Home:Electricity                         65.00 USD

2022-08-10 balance Assets:US:BofA:Checking        2038.91 USD

2022-08-19 * "Verizon Wireless" ""
  Assets:US:BofA:Checking                          -69.59 USD
  Expenses:Home:Phone                               69.59 USD

2022-08-19 * "Transfering accumulated savings to other account"
  Assets:US:BofA:Checking                           -3000 USD
  Assets:US:ETrade:Cash                              3000 USD

2022-08-21 * "Wine-Tarner Cable" ""
  Assets:US:BofA:Checking                          -80.03 USD
  Expenses:Home:Internet                            80.03 USD

2022-09-03 * "RiverBank Properties" "Paying the rent"
  Assets:US:BofA:Checking                        -2400.00 USD
  Expenses:Home:Rent                              2400.00 USD

2022-09-04 balance Assets:US:BofA:Checking        1590.49 USD

2022-09-04 * "BANK FEES" "Monthly bank fee"
  Assets:US:BofA:Checking                           -4.00 USD
  Expenses:Financial:Fees                            4.00 USD

2022-09-09 * "EDISON POWER" ""
  Assets:US:BofA:Checking                          -65.00 USD
  Expenses:Home:Electricity                         65.00 USD

2022-09-19 * "Verizon Wireless" ""
  Assets:US:BofA:Checking                          -57.05 USD
  Expenses:Home:Phone                               57.05 USD

2022-09-23 * "Wine-Tarner Cable" ""
  Assets:US:BofA:Checking                          -79.91 USD
  Expenses:Home:Internet                            79.91 USD

2022-09-27 balance Assets:US:BofA:Checking        2879.74 USD

2022-10-04 * "BANK FEES" "Monthly bank fee"
  Assets:US:BofA:Checking                           -4.00 USD
  Expenses:Financial:Fees                            4.00 USD

2022-10-05 * "RiverBank Properties" "Paying the rent"
  Assets:US:BofA:Checking                        -2400.00 USD
  Expenses:Home:Rent                              2400.00 USD

2022-10-09 * "EDISON POWER" ""
  Assets:US:BofA:Checking                          -65.00 USD
  Expenses:Home:Electricity                         65.00 USD

2022-10-14 * "Transfering accumulated savings to other account"
  Assets:US:BofA:Checking                           -4000 USD
  Assets:US:ETrade:Cash                              4000 USD

2022-10-18 * "Verizon Wireless" ""
  Assets:US:BofA:Checking                          -63.62 USD
  Expenses:Home:Phone                               63.62 USD

2022-10-21 * "Wine-Tarner Cable" ""
  Assets:US:BofA:Checking                          -79.93 USD
  Expenses:Home:Internet                            79.93 USD

2022-10-25 balance Assets:US:BofA:Checking         868.16 USD

2022-11-03 * "RiverBank Properties" "Paying the rent"
  Assets:US:BofA:Checking                        -2400.00 USD
  Expenses:Home:Rent                              2400.00 USD

2022-11-04 * "BANK FEES" "Monthly bank fee"
  Assets:US:BofA:Checking                           -4.00 USD
  Expenses:Financial:Fees                            4.00 USD

2022-11-09 * "EDISON POWER" ""
  Assets:US:BofA:Checking                          -65.00 USD
  Expenses:Home:Electricity                         65.00 USD

2022-11-19 * "Verizon Wireless" ""
  Assets:US:BofA:Checking                          -63.88 USD
  Expenses:Home:Phone                               63.88 USD

2022-11-22 * "Wine-Tarner Cable" ""
  Assets:US:BofA:Checking                          -80.03 USD
  Expenses:Home:Internet                            80.03 USD

2022-11-23 balance Assets:US:BofA:Checking        2729.34 USD

2022-12-03 * "RiverBank Properties" "Paying the rent"
  Assets:US:BofA:Checking                        -2400.00 USD
  Expenses:Home:Rent                              2400.00 USD

2022-12-04 * "BANK FEES" "Monthly bank fee"
  Assets:US:BofA:Checking                           -4.00 USD
  Expenses:Financial:Fees                            4.00 USD

2022-12-08 * "EDISON POWER" ""
  Assets:US:BofA:Checking                          -65.00 USD
  Expenses:Home:Electricity                         65.00 USD

2022-12-09 * "Transfering accumulated savings to other account"
  Assets:US:BofA:Checking                           -3000 USD
  Assets:US:ETrade:Cash                              3000 USD

2022-12-20 balance Assets:US:BofA:Checking        1531.93 USD

2022-12-20 * "Verizon Wireless" ""
  Assets:US:BofA:Checking                          -68.76 USD
  Expenses:Home:Phone                               68.76 USD

2022-12-23 * "Wine-Tarner Cable" ""
  Assets:US:BofA:Checking                          -80.07 USD
  Expenses:Home:Internet                            80.07 USD

2023-01-04 * "BANK FEES" "Monthly bank fee"
  Assets:US:BofA:Checking                           -4.00 USD
  Expenses:Financial:Fees                            4.00 USD

2023-01-05 * "RiverBank Properties" "Paying the rent"
  Assets:US:BofA:Checking                        -2400.00 USD
  Expenses:Home:Rent                              2400.00 USD

2023-01-09 balance Assets:US:BofA:Checking        2635.27 USD

2023-01-09 * "EDISON POWER" ""
  Assets:US:BofA:Checking                          -65.00 USD
  Expenses:Home:Electricity                         65.00 USD

2023-01-18 * "Verizon Wireless" ""
  Assets:US:BofA:Checking                          -82.36 USD
  Expenses:Home:Phone                               82.36 USD

2023-01-21 * "Wine-Tarner Cable" ""
  Assets:US:BofA:Checking                          -80.08 USD
  Expenses:Home:Internet                            80.08 USD

2023-02-04 * "BANK FEES" "Monthly bank fee"
  Assets:US:BofA:Checking                           -4.00 USD
  Expenses:Financial:Fees                            4.00 USD

2023-02-04 * "RiverBank Properties" "Paying the rent"
  Assets:US:BofA:Checking                        -2400.00 USD
  Expenses:Home:Rent                              2400.00 USD

2023-02-08 balance Assets:US:BofA:Checking        2705.03 USD

2023-02-08 * "EDISON POWER" ""
  Assets:US:BofA:Checking                          -65.00 USD
  Expenses:Home:Electricity                         65.00 USD

2023-02-18 * "Verizon Wireless" ""
  Assets:US:BofA:Checking                          -69.56 USD
  Expenses:Home:Phone                               69.56 USD

2023-02-21 * "Wine-Tarner Cable" ""
  Assets:US:BofA:Checking                          -79.78 USD
  Expenses:Home:Internet                            79.78 USD

2023-03-04 * "BANK FEES" "Monthly bank fee"
  Assets:US:BofA:Checking                           -4.00 USD
  Expenses:Financial:Fees                            4.00 USD

2023-03-06 * "RiverBank Properties" "Paying the rent"
  Assets:US:BofA:Checking                        -2400.00 USD
  Expenses:Home:Rent                              2400.00 USD

2023-03-08 * "EDISON POWER" ""
  Assets:US:BofA:Checking                          -65.00 USD
  Expenses:Home:Electricity                         65.00 USD

2023-03-10 balance Assets:US:BofA:Checking        1606.65 USD

2023-03-20 * "Verizon Wireless" ""
  Assets:US:BofA:Checking                          -55.56 USD
  Expenses:Home:Phone                               55.56 USD

2023-03-23 * "Wine-Tarner Cable" ""
  Assets:US:BofA:Checking                          -80.12 USD
  Expenses:Home:Internet                            80.12 USD

2023-04-01 balance Assets:US:BofA:Checking        3517.76 USD

2023-04-04 * "BANK FEES" "Monthly bank fee"
  Assets:US:BofA:Checking                           -4.00 USD
  Expenses:Financial:Fees                            4.00 USD

2023-04-06 * "RiverBank Properties" "Paying the rent"
  Assets:US:BofA:Checking                        -2400.00 USD
  Expenses:Home:Rent                              2400.00 USD

2023-04-09 * "EDISON POWER" ""
  Assets:US:BofA:Checking                          -65.00 USD
  Expenses:Home:Electricity                         65.00 USD

2023-04-20 * "Verizon Wireless" ""
  Assets:US:BofA:Checking                          -59.20 USD
  Expenses:Home:Phone                               59.20 USD

2023-04-21 * "Wine-Tarner Cable" ""
  Assets:US:BofA:Checking                          -80.14 USD
  Expenses:Home:Internet                            80.14 USD

2023-04-24 balance Assets:US:BofA:Checking        1471.50 USD

2023-05-04 * "BANK FEES" "Monthly bank fee"
  Assets:US:BofA:Checking                           -4.00 USD
  Expenses:Financial:Fees                            4.00 USD

2023-05-06 * "RiverBank Properties" "Paying the rent"
  Assets:US:BofA:Checking                        -2400.00 USD
  Expenses:Home:Rent                              2400.00 USD

2023-05-08 * "EDISON POWER" ""
  Assets:US:BofA:Checking                          -65.00 USD
  Expenses:Home:Electricity                         65.00 USD

2023-05-15 balance Assets:US:BofA:Checking         857.18 USD

2023-05-20 * "Verizon Wireless" ""
  Assets:US:BofA:Checking                          -66.19 USD
  Expenses:Home:Phone                               66.19 USD

2023-05-21 * "Wine-Tarner Cable" ""
  Assets:US:BofA:Checking                          -80.11 USD
  Expenses:Home:Internet                            80.11 USD

2023-06-04 * "BANK FEES" "Monthly bank fee"
  Assets:US:BofA:Checking                           -4.00 USD
  Expenses:Financial:Fees                            4.00 USD

2023-06-09 balance Assets:US:BofA:Checking        3408.08 USD

2023-06-09 * "Transfering accumulated savings to other account"
  Assets:US:BofA:Checking                           -3000 USD
  Assets:US:ETrade:Cash                              3000 USD



* Credit-Cards

1980-05-12 open Liabilities:US:Chase:Slate                      USD

2021-01-06 * "Rose Flower" "Eating out alone"
  Liabilities:US:Chase:Slate                       -57.42 USD
  Expenses:Food:Restaurant                          57.42 USD

2021-01-11 * "Chichipotle" "Eating out "
  Liabilities:US:Chase:Slate                       -31.40 USD
  Expenses:Food:Restaurant                          31.40 USD

2021-01-11 * "Chase:Slate" "Paying off credit card"
  Liabilities:US:Chase:Slate                        88.82 USD
  Assets:US:BofA:Checking                          -88.82 USD

2021-01-14 * "Chichipotle" "Eating out alone"
  Liabilities:US:Chase:Slate                       -39.90 USD
  Expenses:Food:Restaurant                          39.90 USD

2021-01-14 * "Farmer Fresh" "Buying groceries"
  Liabilities:US:Chase:Slate                       -89.46 USD
  Expenses:Food:Groceries                           89.46 USD

2021-01-18 * "Jewel of Morroco" "Eating out with Bill"
  Liabilities:US:Chase:Slate                       -23.18 USD
  Expenses:Food:Restaurant                          23.18 USD

2021-01-20 * "Jewel of Morroco" "Eating out with Joe"
  Liabilities:US:Chase:Slate                       -28.39 USD
  Expenses:Food:Restaurant                          28.39 USD

2021-01-25 * "Cafe Modagor" "Eating out alone"
  Liabilities:US:Chase:Slate                       -17.68 USD
  Expenses:Food:Restaurant                          17.68 USD

2021-01-28 * "Jewel of Morroco" "Eating out with work buddies"
  Liabilities:US:Chase:Slate                       -45.32 USD
  Expenses:Food:Restaurant                          45.32 USD

2021-01-29 * "Farmer Fresh" "Buying groceries"
  Liabilities:US:Chase:Slate                       -70.79 USD
  Expenses:Food:Groceries                           70.79 USD

2021-01-29 * "Metro Transport Authority" "Tram tickets"
  Liabilities:US:Chase:Slate                      -120.00 USD
  Expenses:Transport:Tram                          120.00 USD

2021-01-31 balance Liabilities:US:Chase:Slate     -434.72 USD

2021-01-31 * "Cafe Modagor" "Eating out with Julie"
  Liabilities:US:Chase:Slate                       -27.80 USD
  Expenses:Food:Restaurant                          27.80 USD

2021-02-04 * "China Garden" "Eating out with Julie"
  Liabilities:US:Chase:Slate                       -18.52 USD
  Expenses:Food:Restaurant                          18.52 USD

2021-02-08 * "Chase:Slate" "Paying off credit card"
  Liabilities:US:Chase:Slate                       561.35 USD
  Assets:US:BofA:Checking                         -561.35 USD

2021-02-09 * "Chichipotle" "Eating out with Bill"
  Liabilities:US:Chase:Slate                       -80.31 USD
  Expenses:Food:Restaurant                          80.31 USD

2021-02-11 * "Goba Goba" "Eating out alone"
  Liabilities:US:Chase:Slate                       -43.28 USD
  Expenses:Food:Restaurant                          43.28 USD

2021-02-14 * "Farmer Fresh" "Buying groceries"
  Liabilities:US:Chase:Slate                       -46.47 USD
  Expenses:Food:Groceries                           46.47 USD

2021-02-16 * "China Garden" "Eating out with Natasha"
  Liabilities:US:Chase:Slate                       -22.21 USD
  Expenses:Food:Restaurant                          22.21 USD

2021-02-21 balance Liabilities:US:Chase:Slate     -111.96 USD

2021-02-21 * "Uncle Boons" "Eating out with Julie"
  Liabilities:US:Chase:Slate                       -25.00 USD
  Expenses:Food:Restaurant                          25.00 USD

2021-02-26 * "Goba Goba" "Eating out "
  Liabilities:US:Chase:Slate                       -30.20 USD
  Expenses:Food:Restaurant                          30.20 USD

2021-02-27 * "Farmer Fresh" "Buying groceries"
  Liabilities:US:Chase:Slate                      -105.30 USD
  Expenses:Food:Groceries                          105.30 USD

2021-03-02 * "Goba Goba" "Eating out with Bill"
  Liabilities:US:Chase:Slate                       -27.63 USD
  Expenses:Food:Restaurant                          27.63 USD

2021-03-03 * "Kin Soy" "Eating out after work"
  Liabilities:US:Chase:Slate                       -30.57 USD
  Expenses:Food:Restaurant                          30.57 USD

2021-03-03 * "Metro Transport Authority" "Tram tickets"
  Liabilities:US:Chase:Slate                      -120.00 USD
  Expenses:Transport:Tram                          120.00 USD

2021-03-04 * "Chichipotle" "Eating out with work buddies"
  Liabilities:US:Chase:Slate                       -28.32 USD
  Expenses:Food:Restaurant                          28.32 USD

2021-03-06 * "Rose Flower" "Eating out with Julie"
  Liabilities:US:Chase:Slate                       -51.84 USD
  Expenses:Food:Restaurant                          51.84 USD

2021-03-08 * "Chase:Slate" "Paying off credit card"
  Liabilities:US:Chase:Slate                       546.30 USD
  Assets:US:BofA:Checking                         -546.30 USD

2021-03-09 * "Cafe Modagor" "Eating out alone"
  Liabilities:US:Chase:Slate                       -15.48 USD
  Expenses:Food:Restaurant                          15.48 USD

2021-03-12 * "Jewel of Morroco" "Eating out with Bill"
  Liabilities:US:Chase:Slate                       -33.36 USD
  Expenses:Food:Restaurant                          33.36 USD

2021-03-13 balance Liabilities:US:Chase:Slate      -33.36 USD

2021-03-14 * "Farmer Fresh" "Buying groceries"
  Liabilities:US:Chase:Slate                       -72.08 USD
  Expenses:Food:Groceries                           72.08 USD

2021-03-16 * "Chichipotle" "Eating out with Julie"
  Liabilities:US:Chase:Slate                       -45.18 USD
  Expenses:Food:Restaurant                          45.18 USD

2021-03-18 * "Goba Goba" "Eating out with Natasha"
  Liabilities:US:Chase:Slate                       -22.28 USD
  Expenses:Food:Restaurant                          22.28 USD

2021-03-22 * "Chichipotle" "Eating out after work"
  Liabilities:US:Chase:Slate                       -51.11 USD
  Expenses:Food:Restaurant                          51.11 USD

2021-03-26 * "Jewel of Morroco" "Eating out with Joe"
  Liabilities:US:Chase:Slate                       -37.89 USD
  Expenses:Food:Restaurant                          37.89 USD

2021-03-28 * "Cafe Modagor" "Eating out with Julie"
  Liabilities:US:Chase:Slate                       -48.83 USD
  Expenses:Food:Restaurant                          48.83 USD

2021-03-29 * "Goba Goba" "Eating out "
  Liabilities:US:Chase:Slate                       -46.17 USD
  Expenses:Food:Restaurant                          46.17 USD

2021-03-30 * "Metro Transport Authority" "Tram tickets"
  Liabilities:US:Chase:Slate                      -120.00 USD
  Expenses:Transport:Tram                          120.00 USD

2021-04-02 * "Onion Market" "Buying groceries"
  Liabilities:US:Chase:Slate                       -84.58 USD
  Expenses:Food:Groceries                           84.58 USD

2021-04-03 * "Chichipotle" "Eating out after work"
  Liabilities:US:Chase:Slate                       -56.30 USD
  Expenses:Food:Restaurant                          56.30 USD

2021-04-04 * "Goba Goba" "Eating out with Joe"
  Liabilities:US:Chase:Slate                       -43.68 USD
  Expenses:Food:Restaurant                          43.68 USD

2021-04-09 * "Rose Flower" "Eating out with Julie"
  Liabilities:US:Chase:Slate                       -43.55 USD
  Expenses:Food:Restaurant                          43.55 USD

2021-04-09 * "Chase:Slate" "Paying off credit card"
  Liabilities:US:Chase:Slate                       705.01 USD
  Assets:US:BofA:Checking                         -705.01 USD

2021-04-11 * "Uncle Boons" "Eating out with Julie"
  Liabilities:US:Chase:Slate                       -36.64 USD
  Expenses:Food:Restaurant                          36.64 USD

2021-04-12 balance Liabilities:US:Chase:Slate      -36.64 USD

2021-04-12 * "Jewel of Morroco" "Eating out with Bill"
  Liabilities:US:Chase:Slate                       -29.35 USD
  Expenses:Food:Restaurant                          29.35 USD

2021-04-12 * "Good Moods Market" "Buying groceries"
  Liabilities:US:Chase:Slate                       -98.68 USD
  Expenses:Food:Groceries                           98.68 USD

2021-04-13 * "Uncle Boons" "Eating out after work"
  Liabilities:US:Chase:Slate                       -41.37 USD
  Expenses:Food:Restaurant                          41.37 USD

2021-04-17 * "Cafe Modagor" "Eating out with Julie"
  Liabilities:US:Chase:Slate                       -35.42 USD
  Expenses:Food:Restaurant                          35.42 USD

2021-04-22 * "Goba Goba" "Eating out with Bill"
  Liabilities:US:Chase:Slate                       -44.96 USD
  Expenses:Food:Restaurant                          44.96 USD

2021-04-22 * "Farmer Fresh" "Buying groceries"
  Liabilities:US:Chase:Slate                       -79.81 USD
  Expenses:Food:Groceries                           79.81 USD

2021-04-25 * "Uncle Boons" "Eating out after work"
  Liabilities:US:Chase:Slate                       -43.12 USD
  Expenses:Food:Restaurant                          43.12 USD

2021-04-29 * "China Garden" "Eating out alone"
  Liabilities:US:Chase:Slate                       -27.42 USD
  Expenses:Food:Restaurant                          27.42 USD

2021-04-30 * "Metro Transport Authority" "Tram tickets"
  Liabilities:US:Chase:Slate                      -120.00 USD
  Expenses:Transport:Tram                          120.00 USD

2021-05-02 * "Jewel of Morroco" "Eating out alone"
  Liabilities:US:Chase:Slate                       -23.51 USD
  Expenses:Food:Restaurant                          23.51 USD

2021-05-06 * "Onion Market" "Buying groceries"
  Liabilities:US:Chase:Slate                      -107.74 USD
  Expenses:Food:Groceries                          107.74 USD

2021-05-07 * "Jewel of Morroco" "Eating out with Bill"
  Liabilities:US:Chase:Slate                       -47.65 USD
  Expenses:Food:Restaurant                          47.65 USD

2021-05-08 * "Chase:Slate" "Paying off credit card"
  Liabilities:US:Chase:Slate                       766.49 USD
  Assets:US:BofA:Checking                         -766.49 USD

2021-05-09 * "Jewel of Morroco" "Eating out with Julie"
  Liabilities:US:Chase:Slate                       -30.82 USD
  Expenses:Food:Restaurant                          30.82 USD

2021-05-10 balance Liabilities:US:Chase:Slate           0 USD

2021-05-13 * "Cafe Modagor" "Eating out after work"
  Liabilities:US:Chase:Slate                       -24.61 USD
  Expenses:Food:Restaurant                          24.61 USD

2021-05-17 * "China Garden" "Eating out with work buddies"
  Liabilities:US:Chase:Slate                       -35.37 USD
  Expenses:Food:Restaurant                          35.37 USD

2021-05-21 * "Chichipotle" "Eating out with Joe"
  Liabilities:US:Chase:Slate                       -52.06 USD
  Expenses:Food:Restaurant                          52.06 USD

2021-05-22 * "Farmer Fresh" "Buying groceries"
  Liabilities:US:Chase:Slate                      -117.40 USD
  Expenses:Food:Groceries                          117.40 USD

2021-05-23 * "Kin Soy" "Eating out after work"
  Liabilities:US:Chase:Slate                       -47.23 USD
  Expenses:Food:Restaurant                          47.23 USD

2021-05-26 * "Kin Soy" "Eating out with Natasha"
  Liabilities:US:Chase:Slate                       -16.94 USD
  Expenses:Food:Restaurant                          16.94 USD

2021-05-27 * "Metro Transport Authority" "Tram tickets"
  Liabilities:US:Chase:Slate                      -120.00 USD
  Expenses:Transport:Tram                          120.00 USD

2021-05-28 * "Kin Soy" "Eating out after work"
  Liabilities:US:Chase:Slate                       -38.75 USD
  Expenses:Food:Restaurant                          38.75 USD

2021-05-29 * "Onion Market" "Buying groceries"
  Liabilities:US:Chase:Slate                       -71.41 USD
  Expenses:Food:Groceries                           71.41 USD

2021-05-30 balance Liabilities:US:Chase:Slate     -523.77 USD

2021-06-01 * "Uncle Boons" "Eating out with Julie"
  Liabilities:US:Chase:Slate                       -69.19 USD
  Expenses:Food:Restaurant                          69.19 USD

2021-06-05 * "China Garden" "Eating out after work"
  Liabilities:US:Chase:Slate                       -29.80 USD
  Expenses:Food:Restaurant                          29.80 USD

2021-06-06 * "Cafe Modagor" "Eating out with Natasha"
  Liabilities:US:Chase:Slate                       -18.38 USD
  Expenses:Food:Restaurant                          18.38 USD

2021-06-07 * "Jewel of Morroco" "Eating out after work"
  Liabilities:US:Chase:Slate                       -23.24 USD
  Expenses:Food:Restaurant                          23.24 USD

2021-06-11 * "Chase:Slate" "Paying off credit card"
  Liabilities:US:Chase:Slate                       708.65 USD
  Assets:US:BofA:Checking                         -708.65 USD

2021-06-12 * "Cafe Modagor" "Eating out alone"
  Liabilities:US:Chase:Slate                       -44.27 USD
  Expenses:Food:Restaurant                          44.27 USD

2021-06-16 * "Kin Soy" "Eating out with Julie"
  Liabilities:US:Chase:Slate                       -37.92 USD
  Expenses:Food:Restaurant                          37.92 USD

2021-06-17 * "Corner Deli" "Buying groceries"
  Liabilities:US:Chase:Slate                       -89.54 USD
  Expenses:Food:Groceries                           89.54 USD

2021-06-20 * "Goba Goba" "Eating out with Bill"
  Liabilities:US:Chase:Slate                       -57.92 USD
  Expenses:Food:Restaurant                          57.92 USD

2021-06-23 * "Jewel of Morroco" "Eating out alone"
  Liabilities:US:Chase:Slate                       -26.66 USD
  Expenses:Food:Restaurant                          26.66 USD

2021-06-24 * "Kin Soy" "Eating out "
  Liabilities:US:Chase:Slate                       -46.37 USD
  Expenses:Food:Restaurant                          46.37 USD

2021-06-25 * "Chichipotle" "Eating out with Joe"
  Liabilities:US:Chase:Slate                       -38.39 USD
  Expenses:Food:Restaurant                          38.39 USD

2021-06-27 * "Cafe Modagor" "Eating out alone"
  Liabilities:US:Chase:Slate                       -29.39 USD
  Expenses:Food:Restaurant                          29.39 USD

2021-06-28 balance Liabilities:US:Chase:Slate     -326.19 USD

2021-06-28 * "Metro Transport Authority" "Tram tickets"
  Liabilities:US:Chase:Slate                      -120.00 USD
  Expenses:Transport:Tram                          120.00 USD

2021-06-29 * "Chichipotle" "Eating out alone"
  Liabilities:US:Chase:Slate                       -40.48 USD
  Expenses:Food:Restaurant                          40.48 USD

2021-07-03 * "Onion Market" "Buying groceries"
  Liabilities:US:Chase:Slate                       -69.55 USD
  Expenses:Food:Groceries                           69.55 USD

2021-07-04 * "Kin Soy" "Eating out with Natasha"
  Liabilities:US:Chase:Slate                       -38.55 USD
  Expenses:Food:Restaurant                          38.55 USD

2021-07-07 * "Chase:Slate" "Paying off credit card"
  Liabilities:US:Chase:Slate                       617.69 USD
  Assets:US:BofA:Checking                         -617.69 USD

2021-07-09 * "Uncle Boons" "Eating out after work"
  Liabilities:US:Chase:Slate                       -22.92 USD
  Expenses:Food:Restaurant                          22.92 USD

2021-07-11 * "Jewel of Morroco" "Eating out with work buddies"
  Liabilities:US:Chase:Slate                       -23.76 USD
  Expenses:Food:Restaurant                          23.76 USD

2021-07-13 * "Corner Deli" "Buying groceries"
  Liabilities:US:Chase:Slate                       -73.05 USD
  Expenses:Food:Groceries                           73.05 USD

2021-07-15 * "Rose Flower" "Eating out "
  Liabilities:US:Chase:Slate                       -29.50 USD
  Expenses:Food:Restaurant                          29.50 USD

2021-07-20 * "Chichipotle" "Eating out "
  Liabilities:US:Chase:Slate                       -21.17 USD
  Expenses:Food:Restaurant                          21.17 USD

2021-07-21 balance Liabilities:US:Chase:Slate     -147.48 USD

2021-07-24 * "Jewel of Morroco" "Eating out "
  Liabilities:US:Chase:Slate                       -22.87 USD
  Expenses:Food:Restaurant                          22.87 USD

2021-07-28 * "China Garden" "Eating out alone"
  Liabilities:US:Chase:Slate                       -24.52 USD
  Expenses:Food:Restaurant                          24.52 USD

2021-07-30 * "Cafe Modagor" "Eating out alone"
  Liabilities:US:Chase:Slate                       -31.43 USD
  Expenses:Food:Restaurant                          31.43 USD

2021-07-30 * "Metro Transport Authority" "Tram tickets"
  Liabilities:US:Chase:Slate                      -120.00 USD
  Expenses:Transport:Tram                          120.00 USD

2021-08-01 * "Kin Soy" "Eating out with work buddies"
  Liabilities:US:Chase:Slate                       -41.36 USD
  Expenses:Food:Restaurant                          41.36 USD

2021-08-01 * "Farmer Fresh" "Buying groceries"
  Liabilities:US:Chase:Slate                       -67.26 USD
  Expenses:Food:Groceries                           67.26 USD

2021-08-06 * "Kin Soy" "Eating out with Julie"
  Liabilities:US:Chase:Slate                       -28.79 USD
  Expenses:Food:Restaurant                          28.79 USD

2021-08-06 * "Onion Market" "Buying groceries"
  Liabilities:US:Chase:Slate                      -135.37 USD
  Expenses:Food:Groceries                          135.37 USD

2021-08-09 * "Chase:Slate" "Paying off credit card"
  Liabilities:US:Chase:Slate                       653.74 USD
  Assets:US:BofA:Checking                         -653.74 USD

2021-08-10 * "Chichipotle" "Eating out with Natasha"
  Liabilities:US:Chase:Slate                       -34.66 USD
  Expenses:Food:Restaurant                          34.66 USD

2021-08-11 * "Farmer Fresh" "Buying groceries"
  Liabilities:US:Chase:Slate                       -62.14 USD
  Expenses:Food:Groceries                           62.14 USD

2021-08-14 * "Goba Goba" "Eating out alone"
  Liabilities:US:Chase:Slate                       -28.02 USD
  Expenses:Food:Restaurant                          28.02 USD

2021-08-18 * "Chichipotle" "Eating out with work buddies"
  Liabilities:US:Chase:Slate                       -33.46 USD
  Expenses:Food:Restaurant                          33.46 USD

2021-08-20 balance Liabilities:US:Chase:Slate     -123.62 USD

2021-08-20 * "China Garden" "Eating out after work"
  Liabilities:US:Chase:Slate                       -42.24 USD
  Expenses:Food:Restaurant                          42.24 USD

2021-08-25 * "Jewel of Morroco" "Eating out with Julie"
  Liabilities:US:Chase:Slate                       -27.64 USD
  Expenses:Food:Restaurant                          27.64 USD

2021-08-27 * "Good Moods Market" "Buying groceries"
  Liabilities:US:Chase:Slate                      -118.76 USD
  Expenses:Food:Groceries                          118.76 USD

2021-08-27 * "Metro Transport Authority" "Tram tickets"
  Liabilities:US:Chase:Slate                      -120.00 USD
  Expenses:Transport:Tram                          120.00 USD

2021-08-30 * "Cafe Modagor" "Eating out with Bill"
  Liabilities:US:Chase:Slate                       -13.35 USD
  Expenses:Food:Restaurant                          13.35 USD

2021-09-01 * "Uncle Boons" "Eating out with Bill"
  Liabilities:US:Chase:Slate                       -44.90 USD
  Expenses:Food:Restaurant                          44.90 USD

2021-09-01 * "Farmer Fresh" "Buying groceries"
  Liabilities:US:Chase:Slate                      -112.50 USD
  Expenses:Food:Groceries                          112.50 USD

2021-09-02 * "Chichipotle" "Eating out with Natasha"
  Liabilities:US:Chase:Slate                       -33.20 USD
  Expenses:Food:Restaurant                          33.20 USD

2021-09-06 * "Uncle Boons" "Eating out with Bill"
  Liabilities:US:Chase:Slate                       -24.79 USD
  Expenses:Food:Restaurant                          24.79 USD

2021-09-07 * "Farmer Fresh" "Buying groceries"
  Liabilities:US:Chase:Slate                      -124.29 USD
  Expenses:Food:Groceries                          124.29 USD

2021-09-07 * "Chase:Slate" "Paying off credit card"
  Liabilities:US:Chase:Slate                       785.29 USD
  Assets:US:BofA:Checking                         -785.29 USD

2021-09-08 * "China Garden" "Eating out "
  Liabilities:US:Chase:Slate                       -11.99 USD
  Expenses:Food:Restaurant                          11.99 USD

2021-09-11 * "Chichipotle" "Eating out with Natasha"
  Liabilities:US:Chase:Slate                       -21.54 USD
  Expenses:Food:Restaurant                          21.54 USD

2021-09-12 * "Farmer Fresh" "Buying groceries"
  Liabilities:US:Chase:Slate                       -81.76 USD
  Expenses:Food:Groceries                           81.76 USD

2021-09-13 * "Uncle Boons" "Eating out "
  Liabilities:US:Chase:Slate                       -17.05 USD
  Expenses:Food:Restaurant                          17.05 USD

2021-09-15 balance Liabilities:US:Chase:Slate     -132.34 USD

2021-09-18 * "Cafe Modagor" "Eating out with Bill"
  Liabilities:US:Chase:Slate                       -37.13 USD
  Expenses:Food:Restaurant                          37.13 USD

2021-09-21 * "Goba Goba" "Eating out with work buddies"
  Liabilities:US:Chase:Slate                       -46.98 USD
  Expenses:Food:Restaurant                          46.98 USD

2021-09-26 * "Chichipotle" "Eating out with Joe"
  Liabilities:US:Chase:Slate                       -28.51 USD
  Expenses:Food:Restaurant                          28.51 USD

2021-09-26 * "Good Moods Market" "Buying groceries"
  Liabilities:US:Chase:Slate                       -50.56 USD
  Expenses:Food:Groceries                           50.56 USD

2021-09-27 * "Metro Transport Authority" "Tram tickets"
  Liabilities:US:Chase:Slate                      -120.00 USD
  Expenses:Transport:Tram                          120.00 USD

2021-10-01 * "Cafe Modagor" "Eating out after work"
  Liabilities:US:Chase:Slate                       -52.25 USD
  Expenses:Food:Restaurant                          52.25 USD

2021-10-01 * "Onion Market" "Buying groceries"
  Liabilities:US:Chase:Slate                      -113.00 USD
  Expenses:Food:Groceries                          113.00 USD

2021-10-04 * "Uncle Boons" "Eating out with Bill"
  Liabilities:US:Chase:Slate                       -27.96 USD
  Expenses:Food:Restaurant                          27.96 USD

2021-10-06 * "Rose Flower" "Eating out with Julie"
  Liabilities:US:Chase:Slate                       -40.05 USD
  Expenses:Food:Restaurant                          40.05 USD

2021-10-07 * "Chase:Slate" "Paying off credit card"
  Liabilities:US:Chase:Slate                       675.12 USD
  Assets:US:BofA:Checking                         -675.12 USD

2021-10-08 balance Liabilities:US:Chase:Slate       26.34 USD

2021-10-08 * "Cafe Modagor" "Eating out alone"
  Liabilities:US:Chase:Slate                       -26.34 USD
  Expenses:Food:Restaurant                          26.34 USD

2021-10-09 * "Farmer Fresh" "Buying groceries"
  Liabilities:US:Chase:Slate                       -73.07 USD
  Expenses:Food:Groceries                           73.07 USD

2021-10-10 * "Rose Flower" "Eating out with Natasha"
  Liabilities:US:Chase:Slate                       -55.05 USD
  Expenses:Food:Restaurant                          55.05 USD

2021-10-12 * "Jewel of Morroco" "Eating out with Bill"
  Liabilities:US:Chase:Slate                       -69.67 USD
  Expenses:Food:Restaurant                          69.67 USD

2021-10-16 * "Uncle Boons" "Eating out after work"
  Liabilities:US:Chase:Slate                       -17.64 USD
  Expenses:Food:Restaurant                          17.64 USD

2021-10-16 * "Corner Deli" "Buying groceries"
  Liabilities:US:Chase:Slate                       -72.18 USD
  Expenses:Food:Groceries                           72.18 USD

2021-10-20 * "Rose Flower" "Eating out with work buddies"
  Liabilities:US:Chase:Slate                       -38.45 USD
  Expenses:Food:Restaurant                          38.45 USD

2021-10-23 * "Chichipotle" "Eating out with Joe"
  Liabilities:US:Chase:Slate                       -26.20 USD
  Expenses:Food:Restaurant                          26.20 USD

2021-10-26 * "Metro Transport Authority" "Tram tickets"
  Liabilities:US:Chase:Slate                      -120.00 USD
  Expenses:Transport:Tram                          120.00 USD

2021-10-28 * "Chichipotle" "Eating out with Julie"
  Liabilities:US:Chase:Slate                       -22.06 USD
  Expenses:Food:Restaurant                          22.06 USD

2021-10-29 balance Liabilities:US:Chase:Slate     -494.32 USD

2021-11-02 * "Jewel of Morroco" "Eating out after work"
  Liabilities:US:Chase:Slate                       -61.75 USD
  Expenses:Food:Restaurant                          61.75 USD

2021-11-04 * "Farmer Fresh" "Buying groceries"
  Liabilities:US:Chase:Slate                       -66.99 USD
  Expenses:Food:Groceries                           66.99 USD

2021-11-06 * "Uncle Boons" "Eating out with Julie"
  Liabilities:US:Chase:Slate                       -39.44 USD
  Expenses:Food:Restaurant                          39.44 USD

2021-11-10 * "Kin Soy" "Eating out with Bill"
  Liabilities:US:Chase:Slate                       -15.93 USD
  Expenses:Food:Restaurant                          15.93 USD

2021-11-10 * "Chase:Slate" "Paying off credit card"
  Liabilities:US:Chase:Slate                       678.43 USD
  Assets:US:BofA:Checking                         -678.43 USD

2021-11-13 * "Rose Flower" "Eating out after work"
  Liabilities:US:Chase:Slate                       -52.88 USD
  Expenses:Food:Restaurant                          52.88 USD

2021-11-15 * "Farmer Fresh" "Buying groceries"
  Liabilities:US:Chase:Slate                       -60.45 USD
  Expenses:Food:Groceries                           60.45 USD

2021-11-17 * "Goba Goba" "Eating out with Joe"
  Liabilities:US:Chase:Slate                       -27.70 USD
  Expenses:Food:Restaurant                          27.70 USD

2021-11-18 * "Uncle Boons" "Eating out with Bill"
  Liabilities:US:Chase:Slate                       -33.75 USD
  Expenses:Food:Restaurant                          33.75 USD

2021-11-19 * "China Garden" "Eating out with Natasha"
  Liabilities:US:Chase:Slate                       -39.43 USD
  Expenses:Food:Restaurant                          39.43 USD

2021-11-21 * "Chichipotle" "Eating out "
  Liabilities:US:Chase:Slate                       -39.83 USD
  Expenses:Food:Restaurant                          39.83 USD

2021-11-21 * "Farmer Fresh" "Buying groceries"
  Liabilities:US:Chase:Slate                      -111.29 USD
  Expenses:Food:Groceries                          111.29 USD

2021-11-23 * "Metro Transport Authority" "Tram tickets"
  Liabilities:US:Chase:Slate                      -120.00 USD
  Expenses:Transport:Tram                          120.00 USD

2021-11-24 balance Liabilities:US:Chase:Slate     -485.33 USD

2021-11-25 * "Rose Flower" "Eating out alone"
  Liabilities:US:Chase:Slate                       -32.95 USD
  Expenses:Food:Restaurant                          32.95 USD

2021-11-29 * "China Garden" "Eating out after work"
  Liabilities:US:Chase:Slate                       -32.62 USD
  Expenses:Food:Restaurant                          32.62 USD

2021-12-04 * "Goba Goba" "Eating out with Natasha"
  Liabilities:US:Chase:Slate                       -48.52 USD
  Expenses:Food:Restaurant                          48.52 USD

2021-12-06 * "Chichipotle" "Eating out after work"
  Liabilities:US:Chase:Slate                       -33.02 USD
  Expenses:Food:Restaurant                          33.02 USD

2021-12-06 * "Good Moods Market" "Buying groceries"
  Liabilities:US:Chase:Slate                       -90.62 USD
  Expenses:Food:Groceries                           90.62 USD

2021-12-07 * "Chichipotle" "Eating out with work buddies"
  Liabilities:US:Chase:Slate                       -21.83 USD
  Expenses:Food:Restaurant                          21.83 USD

2021-12-10 * "Uncle Boons" "Eating out with Julie"
  Liabilities:US:Chase:Slate                       -41.73 USD
  Expenses:Food:Restaurant                          41.73 USD

2021-12-11 * "Chase:Slate" "Paying off credit card"
  Liabilities:US:Chase:Slate                       829.25 USD
  Assets:US:BofA:Checking                         -829.25 USD

2021-12-12 * "Rose Flower" "Eating out with Julie"
  Liabilities:US:Chase:Slate                       -42.63 USD
  Expenses:Food:Restaurant                          42.63 USD

2021-12-12 * "Corner Deli" "Buying groceries"
  Liabilities:US:Chase:Slate                      -121.41 USD
  Expenses:Food:Groceries                          121.41 USD

2021-12-13 * "Jewel of Morroco" "Eating out alone"
  Liabilities:US:Chase:Slate                       -55.45 USD
  Expenses:Food:Restaurant                          55.45 USD

2021-12-14 balance Liabilities:US:Chase:Slate     -176.86 USD

2021-12-15 * "Jewel of Morroco" "Eating out "
  Liabilities:US:Chase:Slate                       -20.13 USD
  Expenses:Food:Restaurant                          20.13 USD

2021-12-16 * "Uncle Boons" "Eating out with Julie"
  Liabilities:US:Chase:Slate                       -27.17 USD
  Expenses:Food:Restaurant                          27.17 USD

2021-12-20 * "China Garden" "Eating out with Julie"
  Liabilities:US:Chase:Slate                       -28.49 USD
  Expenses:Food:Restaurant                          28.49 USD

2021-12-24 * "Rose Flower" "Eating out "
  Liabilities:US:Chase:Slate                       -19.07 USD
  Expenses:Food:Restaurant                          19.07 USD

2021-12-25 * "Metro Transport Authority" "Tram tickets"
  Liabilities:US:Chase:Slate                      -120.00 USD
  Expenses:Transport:Tram                          120.00 USD

2021-12-26 * "Onion Market" "Buying groceries"
  Liabilities:US:Chase:Slate                       -53.42 USD
  Expenses:Food:Groceries                           53.42 USD

2021-12-29 * "China Garden" "Eating out with Julie"
  Liabilities:US:Chase:Slate                       -26.19 USD
  Expenses:Food:Restaurant                          26.19 USD

2022-01-02 * "Goba Goba" "Eating out with work buddies"
  Liabilities:US:Chase:Slate                       -31.83 USD
  Expenses:Food:Restaurant                          31.83 USD

2022-01-02 * "Farmer Fresh" "Buying groceries"
  Liabilities:US:Chase:Slate                       -85.84 USD
  Expenses:Food:Groceries                           85.84 USD

2022-01-07 * "Kin Soy" "Eating out with Bill"
  Liabilities:US:Chase:Slate                       -20.96 USD
  Expenses:Food:Restaurant                          20.96 USD

2022-01-07 * "Chase:Slate" "Paying off credit card"
  Liabilities:US:Chase:Slate                       609.96 USD
  Assets:US:BofA:Checking                         -609.96 USD

2022-01-08 balance Liabilities:US:Chase:Slate           0 USD

2022-01-08 * "Onion Market" "Buying groceries"
  Liabilities:US:Chase:Slate                       -75.91 USD
  Expenses:Food:Groceries                           75.91 USD

2022-01-10 * "Cafe Modagor" "Eating out with Bill"
  Liabilities:US:Chase:Slate                       -45.15 USD
  Expenses:Food:Restaurant                          45.15 USD

2022-01-14 * "Cafe Modagor" "Eating out with Bill"
  Liabilities:US:Chase:Slate                       -25.43 USD
  Expenses:Food:Restaurant                          25.43 USD

2022-01-18 * "Jewel of Morroco" "Eating out with Bill"
  Liabilities:US:Chase:Slate                       -60.49 USD
  Expenses:Food:Restaurant                          60.49 USD

2022-01-21 event "location" "San Francisco"

2022-01-22 * "Waterbar" "" #trip-san-francisco-2022
  Liabilities:US:Chase:Slate                       -58.72 USD
  Expenses:Food:Restaurant                          58.72 USD

2022-01-23 * "Bar Crudo" "" #trip-san-francisco-2022
  Liabilities:US:Chase:Slate                       -64.98 USD
  Expenses:Food:Restaurant                          64.98 USD

2022-01-23 * "Pizza Delfina" "" #trip-san-francisco-2022
  Liabilities:US:Chase:Slate                       -18.75 USD
  Expenses:Food:Restaurant                          18.75 USD

2022-01-23 * "Starbucks" "" #trip-san-francisco-2022
  Liabilities:US:Chase:Slate                        -5.71 USD
  Expenses:Food:Coffee                               5.71 USD

2022-01-24 * "Waterbar" "" #trip-san-francisco-2022
  Liabilities:US:Chase:Slate                       -54.92 USD
  Expenses:Food:Restaurant                          54.92 USD

2022-01-24 * "Mission Chinese Food" "" #trip-san-francisco-2022
  Liabilities:US:Chase:Slate                       -29.60 USD
  Expenses:Food:Restaurant                          29.60 USD

2022-01-25 * "Bar Crudo" "" #trip-san-francisco-2022
  Liabilities:US:Chase:Slate                       -73.06 USD
  Expenses:Food:Restaurant                          73.06 USD

2022-01-25 * "Pizza Delfina" "" #trip-san-francisco-2022
  Liabilities:US:Chase:Slate                       -20.78 USD
  Expenses:Food:Restaurant                          20.78 USD

2022-01-27 * "Bar Crudo" "" #trip-san-francisco-2022
  Liabilities:US:Chase:Slate                       -59.65 USD
  Expenses:Food:Restaurant                          59.65 USD

2022-01-27 * "Starbucks" "" #trip-san-francisco-2022
  Liabilities:US:Chase:Slate                        -6.13 USD
  Expenses:Food:Coffee                               6.13 USD

2022-01-30 * "Bar Crudo" "" #trip-san-francisco-2022
  Liabilities:US:Chase:Slate                       -80.90 USD
  Expenses:Food:Restaurant                          80.90 USD

2022-01-30 * "Waterbar" "" #trip-san-francisco-2022
  Liabilities:US:Chase:Slate                       -50.65 USD
  Expenses:Food:Restaurant                          50.65 USD

2022-01-30 * "Mission Chinese Food" "" #trip-san-francisco-2022
  Liabilities:US:Chase:Slate                       -20.63 USD
  Expenses:Food:Restaurant                          20.63 USD

2022-01-31 * "Bar Crudo" "" #trip-san-francisco-2022
  Liabilities:US:Chase:Slate                       -61.80 USD
  Expenses:Food:Restaurant                          61.80 USD

2022-01-31 * "Consume vacation days"
  Assets:US:Babble:Vacation                           -80 VACHR
  Expenses:Vacation                                    80 VACHR

2022-01-31 event "location" "New Metropolis"

2022-02-02 * "Goba Goba" "Eating out after work"
  Liabilities:US:Chase:Slate                       -23.37 USD
  Expenses:Food:Restaurant                          23.37 USD

2022-02-03 * "China Garden" "Eating out alone"
  Liabilities:US:Chase:Slate                       -29.71 USD
  Expenses:Food:Restaurant                          29.71 USD

2022-02-04 balance Liabilities:US:Chase:Slate     -866.34 USD

2022-02-05 * "Kin Soy" "Eating out "
  Liabilities:US:Chase:Slate                       -31.83 USD
  Expenses:Food:Restaurant                          31.83 USD

2022-02-07 * "Chichipotle" "Eating out with Joe"
  Liabilities:US:Chase:Slate                       -25.98 USD
  Expenses:Food:Restaurant                          25.98 USD

2022-02-07 * "Chase:Slate" "Paying off credit card"
  Liabilities:US:Chase:Slate                       317.87 USD
  Assets:US:BofA:Checking                         -317.87 USD

2022-02-09 * "Cafe Modagor" "Eating out "
  Liabilities:US:Chase:Slate                       -23.17 USD
  Expenses:Food:Restaurant                          23.17 USD

2022-02-13 * "Corner Deli" "Buying groceries"
  Liabilities:US:Chase:Slate                       -91.15 USD
  Expenses:Food:Groceries                           91.15 USD

2022-02-14 * "China Garden" "Eating out with Joe"
  Liabilities:US:Chase:Slate                       -35.17 USD
  Expenses:Food:Restaurant                          35.17 USD

2022-02-19 * "Chichipotle" "Eating out with Julie"
  Liabilities:US:Chase:Slate                       -22.23 USD
  Expenses:Food:Restaurant                          22.23 USD

2022-02-22 * "Onion Market" "Buying groceries"
  Liabilities:US:Chase:Slate                      -113.61 USD
  Expenses:Food:Groceries                          113.61 USD

2022-02-22 * "Metro Transport Authority" "Tram tickets"
  Liabilities:US:Chase:Slate                      -120.00 USD
  Expenses:Transport:Tram                          120.00 USD

2022-02-24 * "Kin Soy" "Eating out with Bill"
  Liabilities:US:Chase:Slate                        -8.34 USD
  Expenses:Food:Restaurant                           8.34 USD

2022-02-26 * "Kin Soy" "Eating out with Julie"
  Liabilities:US:Chase:Slate                       -27.18 USD
  Expenses:Food:Restaurant                          27.18 USD

2022-02-27 * "Cafe Modagor" "Eating out after work"
  Liabilities:US:Chase:Slate                       -62.40 USD
  Expenses:Food:Restaurant                          62.40 USD

2022-02-28 * "Rose Flower" "Eating out with Bill"
  Liabilities:US:Chase:Slate                       -31.03 USD
  Expenses:Food:Restaurant                          31.03 USD

2022-03-02 balance Liabilities:US:Chase:Slate    -1140.56 USD

2022-03-02 * "Rose Flower" "Eating out after work"
  Liabilities:US:Chase:Slate                       -20.79 USD
  Expenses:Food:Restaurant                          20.79 USD

2022-03-03 * "Chichipotle" "Eating out alone"
  Liabilities:US:Chase:Slate                       -27.75 USD
  Expenses:Food:Restaurant                          27.75 USD

2022-03-04 * "Onion Market" "Buying groceries"
  Liabilities:US:Chase:Slate                       -78.48 USD
  Expenses:Food:Groceries                           78.48 USD

2022-03-07 * "Chichipotle" "Eating out with Julie"
  Liabilities:US:Chase:Slate                       -47.65 USD
  Expenses:Food:Restaurant                          47.65 USD

2022-03-09 * "Cafe Modagor" "Eating out with Bill"
  Liabilities:US:Chase:Slate                       -34.81 USD
  Expenses:Food:Restaurant                          34.81 USD

2022-03-10 * "Chase:Slate" "Paying off credit card"
  Liabilities:US:Chase:Slate                       767.96 USD
  Assets:US:BofA:Checking                         -767.96 USD

2022-03-12 * "Rose Flower" "Eating out with work buddies"
  Liabilities:US:Chase:Slate                       -24.20 USD
  Expenses:Food:Restaurant                          24.20 USD

2022-03-13 * "Farmer Fresh" "Buying groceries"
  Liabilities:US:Chase:Slate                       -72.57 USD
  Expenses:Food:Groceries                           72.57 USD

2022-03-16 * "Kin Soy" "Eating out after work"
  Liabilities:US:Chase:Slate                       -21.37 USD
  Expenses:Food:Restaurant                          21.37 USD

2022-03-18 * "Goba Goba" "Eating out with Julie"
  Liabilities:US:Chase:Slate                       -20.36 USD
  Expenses:Food:Restaurant                          20.36 USD

2022-03-18 * "Farmer Fresh" "Buying groceries"
  Liabilities:US:Chase:Slate                      -103.05 USD
  Expenses:Food:Groceries                          103.05 USD

2022-03-19 * "Rose Flower" "Eating out with Joe"
  Liabilities:US:Chase:Slate                       -23.38 USD
  Expenses:Food:Restaurant                          23.38 USD

2022-03-20 * "Uncle Boons" "Eating out with Natasha"
  Liabilities:US:Chase:Slate                       -14.85 USD
  Expenses:Food:Restaurant                          14.85 USD

2022-03-23 balance Liabilities:US:Chase:Slate     -861.86 USD

2022-03-23 * "Metro Transport Authority" "Tram tickets"
  Liabilities:US:Chase:Slate                      -120.00 USD
  Expenses:Transport:Tram                          120.00 USD

2022-03-24 * "China Garden" "Eating out "
  Liabilities:US:Chase:Slate                       -38.90 USD
  Expenses:Food:Restaurant                          38.90 USD

2022-03-26 * "Chichipotle" "Eating out with Bill"
  Liabilities:US:Chase:Slate                       -33.75 USD
  Expenses:Food:Restaurant                          33.75 USD

2022-03-27 * "Onion Market" "Buying groceries"
  Liabilities:US:Chase:Slate                       -80.43 USD
  Expenses:Food:Groceries                           80.43 USD

2022-03-30 * "China Garden" "Eating out after work"
  Liabilities:US:Chase:Slate                       -35.72 USD
  Expenses:Food:Restaurant                          35.72 USD

2022-04-02 * "Cafe Modagor" "Eating out alone"
  Liabilities:US:Chase:Slate                       -44.74 USD
  Expenses:Food:Restaurant                          44.74 USD

2022-04-05 * "Chichipotle" "Eating out with Joe"
  Liabilities:US:Chase:Slate                       -14.80 USD
  Expenses:Food:Restaurant                          14.80 USD

2022-04-07 * "Onion Market" "Buying groceries"
  Liabilities:US:Chase:Slate                       -90.44 USD
  Expenses:Food:Groceries                           90.44 USD

2022-04-08 * "Kin Soy" "Eating out with Joe"
  Liabilities:US:Chase:Slate                       -13.75 USD
  Expenses:Food:Restaurant                          13.75 USD

2022-04-10 * "Chase:Slate" "Paying off credit card"
  Liabilities:US:Chase:Slate                       769.78 USD
  Assets:US:BofA:Checking                         -769.78 USD

2022-04-12 balance Liabilities:US:Chase:Slate     -564.61 USD

2022-04-13 * "China Garden" "Eating out with Natasha"
  Liabilities:US:Chase:Slate                       -41.67 USD
  Expenses:Food:Restaurant                          41.67 USD

2022-04-14 * "Jewel of Morroco" "Eating out with Bill"
  Liabilities:US:Chase:Slate                       -32.14 USD
  Expenses:Food:Restaurant                          32.14 USD

2022-04-18 * "Kin Soy" "Eating out with Bill"
  Liabilities:US:Chase:Slate                       -21.61 USD
  Expenses:Food:Restaurant                          21.61 USD

2022-04-19 * "Metro Transport Authority" "Tram tickets"
  Liabilities:US:Chase:Slate                      -120.00 USD
  Expenses:Transport:Tram                          120.00 USD

2022-04-21 * "Kin Soy" "Eating out with Joe"
  Liabilities:US:Chase:Slate                       -35.86 USD
  Expenses:Food:Restaurant                          35.86 USD

2022-04-23 * "Good Moods Market" "Buying groceries"
  Liabilities:US:Chase:Slate                       -64.31 USD
  Expenses:Food:Groceries                           64.31 USD

2022-04-25 * "Kin Soy" "Eating out with Natasha"
  Liabilities:US:Chase:Slate                       -26.38 USD
  Expenses:Food:Restaurant                          26.38 USD

2022-04-28 * "Kin Soy" "Eating out with Bill"
  Liabilities:US:Chase:Slate                       -50.05 USD
  Expenses:Food:Restaurant                          50.05 USD

2022-04-29 * "Kin Soy" "Eating out with Bill"
  Liabilities:US:Chase:Slate                       -22.18 USD
  Expenses:Food:Restaurant                          22.18 USD

2022-05-01 * "Goba Goba" "Eating out alone"
  Liabilities:US:Chase:Slate                       -18.86 USD
  Expenses:Food:Restaurant                          18.86 USD

2022-05-04 * "Kin Soy" "Eating out "
  Liabilities:US:Chase:Slate                       -24.15 USD
  Expenses:Food:Restaurant                          24.15 USD

2022-05-06 balance Liabilities:US:Chase:Slate    -1021.82 USD

2022-05-07 * "Kin Soy" "Eating out after work"
  Liabilities:US:Chase:Slate                       -29.90 USD
  Expenses:Food:Restaurant                          29.90 USD

2022-05-08 * "Good Moods Market" "Buying groceries"
  Liabilities:US:Chase:Slate                       -80.58 USD
  Expenses:Food:Groceries                           80.58 USD

2022-05-09 * "Kin Soy" "Eating out with Joe"
  Liabilities:US:Chase:Slate                       -23.74 USD
  Expenses:Food:Restaurant                          23.74 USD

2022-05-09 * "Chase:Slate" "Paying off credit card"
  Liabilities:US:Chase:Slate                       549.76 USD
  Assets:US:BofA:Checking                         -549.76 USD

2022-05-12 * "Uncle Boons" "Eating out with Joe"
  Liabilities:US:Chase:Slate                       -19.74 USD
  Expenses:Food:Restaurant                          19.74 USD

2022-05-14 * "Jewel of Morroco" "Eating out with Natasha"
  Liabilities:US:Chase:Slate                       -27.63 USD
  Expenses:Food:Restaurant                          27.63 USD

2022-05-16 * "Uncle Boons" "Eating out with work buddies"
  Liabilities:US:Chase:Slate                       -34.10 USD
  Expenses:Food:Restaurant                          34.10 USD

2022-05-16 * "Corner Deli" "Buying groceries"
  Liabilities:US:Chase:Slate                       -79.70 USD
  Expenses:Food:Groceries                           79.70 USD

2022-05-19 * "Kin Soy" "Eating out with Bill"
  Liabilities:US:Chase:Slate                       -34.34 USD
  Expenses:Food:Restaurant                          34.34 USD

2022-05-21 * "Metro Transport Authority" "Tram tickets"
  Liabilities:US:Chase:Slate                      -120.00 USD
  Expenses:Transport:Tram                          120.00 USD

2022-05-22 * "China Garden" "Eating out with Joe"
  Liabilities:US:Chase:Slate                       -26.48 USD
  Expenses:Food:Restaurant                          26.48 USD

2022-05-25 * "Onion Market" "Buying groceries"
  Liabilities:US:Chase:Slate                       -86.73 USD
  Expenses:Food:Groceries                           86.73 USD

2022-05-27 * "Kin Soy" "Eating out with work buddies"
  Liabilities:US:Chase:Slate                       -34.35 USD
  Expenses:Food:Restaurant                          34.35 USD

2022-05-31 balance Liabilities:US:Chase:Slate    -1069.35 USD

2022-05-31 * "Goba Goba" "Eating out "
  Liabilities:US:Chase:Slate                       -26.55 USD
  Expenses:Food:Restaurant                          26.55 USD

2022-06-01 * "Farmer Fresh" "Buying groceries"
  Liabilities:US:Chase:Slate                       -90.99 USD
  Expenses:Food:Groceries                           90.99 USD

2022-06-03 * "Cafe Modagor" "Eating out with Natasha"
  Liabilities:US:Chase:Slate                       -16.87 USD
  Expenses:Food:Restaurant                          16.87 USD

2022-06-05 * "Cafe Modagor" "Eating out after work"
  Liabilities:US:Chase:Slate                       -65.88 USD
  Expenses:Food:Restaurant                          65.88 USD

2022-06-07 * "Chase:Slate" "Paying off credit card"
  Liabilities:US:Chase:Slate                       684.98 USD
  Assets:US:BofA:Checking                         -684.98 USD

2022-06-08 * "Goba Goba" "Eating out with Joe"
  Liabilities:US:Chase:Slate                       -21.62 USD
  Expenses:Food:Restaurant                          21.62 USD

2022-06-09 * "Rose Flower" "Eating out after work"
  Liabilities:US:Chase:Slate                       -27.57 USD
  Expenses:Food:Restaurant                          27.57 USD

2022-06-13 * "Corner Deli" "Buying groceries"
  Liabilities:US:Chase:Slate                       -77.17 USD
  Expenses:Food:Groceries                           77.17 USD

2022-06-14 * "Jewel of Morroco" "Eating out with Julie"
  Liabilities:US:Chase:Slate                       -87.21 USD
  Expenses:Food:Restaurant                          87.21 USD

2022-06-19 * "Jewel of Morroco" "Eating out with Natasha"
  Liabilities:US:Chase:Slate                       -30.01 USD
  Expenses:Food:Restaurant                          30.01 USD

2022-06-21 * "Rose Flower" "Eating out with Joe"
  Liabilities:US:Chase:Slate                       -16.30 USD
  Expenses:Food:Restaurant                          16.30 USD

2022-06-23 * "Metro Transport Authority" "Tram tickets"
  Liabilities:US:Chase:Slate                      -120.00 USD
  Expenses:Transport:Tram                          120.00 USD

2022-06-24 * "Cafe Modagor" "Eating out with Bill"
  Liabilities:US:Chase:Slate                       -39.48 USD
  Expenses:Food:Restaurant                          39.48 USD

2022-06-29 balance Liabilities:US:Chase:Slate    -1004.02 USD

2022-06-29 * "Jewel of Morroco" "Eating out after work"
  Liabilities:US:Chase:Slate                       -41.02 USD
  Expenses:Food:Restaurant                          41.02 USD

2022-07-01 * "Kin Soy" "Eating out with Bill"
  Liabilities:US:Chase:Slate                       -20.99 USD
  Expenses:Food:Restaurant                          20.99 USD

2022-07-03 * "Onion Market" "Buying groceries"
  Liabilities:US:Chase:Slate                       -82.28 USD
  Expenses:Food:Groceries                           82.28 USD

2022-07-04 * "Uncle Boons" "Eating out "
  Liabilities:US:Chase:Slate                       -24.40 USD
  Expenses:Food:Restaurant                          24.40 USD

2022-07-05 * "Uncle Boons" "Eating out with Natasha"
  Liabilities:US:Chase:Slate                       -35.98 USD
  Expenses:Food:Restaurant                          35.98 USD

2022-07-08 * "China Garden" "Eating out with Julie"
  Liabilities:US:Chase:Slate                       -60.56 USD
  Expenses:Food:Restaurant                          60.56 USD

2022-07-09 * "Chase:Slate" "Paying off credit card"
  Liabilities:US:Chase:Slate                       708.12 USD
  Assets:US:BofA:Checking                         -708.12 USD

2022-07-11 * "Jewel of Morroco" "Eating out with Bill"
  Liabilities:US:Chase:Slate                       -45.15 USD
  Expenses:Food:Restaurant                          45.15 USD

2022-07-12 * "Farmer Fresh" "Buying groceries"
  Liabilities:US:Chase:Slate                       -58.76 USD
  Expenses:Food:Groceries                           58.76 USD

2022-07-13 * "Rose Flower" "Eating out with Bill"
  Liabilities:US:Chase:Slate                       -19.54 USD
  Expenses:Food:Restaurant                          19.54 USD

2022-07-15 * "China Garden" "Eating out after work"
  Liabilities:US:Chase:Slate                       -21.01 USD
  Expenses:Food:Restaurant                          21.01 USD

2022-07-18 * "China Garden" "Eating out with Joe"
  Liabilities:US:Chase:Slate                       -23.43 USD
  Expenses:Food:Restaurant                          23.43 USD

2022-07-20 balance Liabilities:US:Chase:Slate     -729.02 USD

2022-07-20 * "Rose Flower" "Eating out with work buddies"
  Liabilities:US:Chase:Slate                       -54.15 USD
  Expenses:Food:Restaurant                          54.15 USD

2022-07-21 * "Goba Goba" "Eating out with Natasha"
  Liabilities:US:Chase:Slate                       -21.26 USD
  Expenses:Food:Restaurant                          21.26 USD

2022-07-22 * "Metro Transport Authority" "Tram tickets"
  Liabilities:US:Chase:Slate                      -120.00 USD
  Expenses:Transport:Tram                          120.00 USD

2022-07-24 * "Chichipotle" "Eating out after work"
  Liabilities:US:Chase:Slate                       -21.12 USD
  Expenses:Food:Restaurant                          21.12 USD

2022-07-25 * "Goba Goba" "Eating out with work buddies"
  Liabilities:US:Chase:Slate                       -12.77 USD
  Expenses:Food:Restaurant                          12.77 USD

2022-07-25 * "Corner Deli" "Buying groceries"
  Liabilities:US:Chase:Slate                       -50.39 USD
  Expenses:Food:Groceries                           50.39 USD

2022-07-30 * "China Garden" "Eating out with Joe"
  Liabilities:US:Chase:Slate                       -23.53 USD
  Expenses:Food:Restaurant                          23.53 USD

2022-08-01 * "Farmer Fresh" "Buying groceries"
  Liabilities:US:Chase:Slate                       -68.77 USD
  Expenses:Food:Groceries                           68.77 USD

2022-08-04 * "Rose Flower" "Eating out after work"
  Liabilities:US:Chase:Slate                       -21.46 USD
  Expenses:Food:Restaurant                          21.46 USD

2022-08-09 * "China Garden" "Eating out alone"
  Liabilities:US:Chase:Slate                       -20.87 USD
  Expenses:Food:Restaurant                          20.87 USD

2022-08-09 * "Chase:Slate" "Paying off credit card"
  Liabilities:US:Chase:Slate                       537.06 USD
  Assets:US:BofA:Checking                         -537.06 USD

2022-08-11 * "Farmer Fresh" "Buying groceries"
  Liabilities:US:Chase:Slate                      -100.08 USD
  Expenses:Food:Groceries                          100.08 USD

2022-08-14 * "Rose Flower" "Eating out "
  Liabilities:US:Chase:Slate                       -43.19 USD
  Expenses:Food:Restaurant                          43.19 USD

2022-08-15 balance Liabilities:US:Chase:Slate     -749.55 USD

2022-08-15 * "Rose Flower" "Eating out with work buddies"
  Liabilities:US:Chase:Slate                       -24.29 USD
  Expenses:Food:Restaurant                          24.29 USD

2022-08-18 * "Metro Transport Authority" "Tram tickets"
  Liabilities:US:Chase:Slate                      -120.00 USD
  Expenses:Transport:Tram                          120.00 USD

2022-08-20 * "Rose Flower" "Eating out with work buddies"
  Liabilities:US:Chase:Slate                       -33.79 USD
  Expenses:Food:Restaurant                          33.79 USD

2022-08-21 * "Onion Market" "Buying groceries"
  Liabilities:US:Chase:Slate                      -130.85 USD
  Expenses:Food:Groceries                          130.85 USD

2022-08-25 * "Uncle Boons" "Eating out with Joe"
  Liabilities:US:Chase:Slate                       -62.71 USD
  Expenses:Food:Restaurant                          62.71 USD

2022-08-28 * "Kin Soy" "Eating out "
  Liabilities:US:Chase:Slate                       -35.00 USD
  Expenses:Food:Restaurant                          35.00 USD

2022-08-29 * "Farmer Fresh" "Buying groceries"
  Liabilities:US:Chase:Slate                      -123.27 USD
  Expenses:Food:Groceries                          123.27 USD

2022-09-02 * "Rose Flower" "Eating out after work"
  Liabilities:US:Chase:Slate                       -56.12 USD
  Expenses:Food:Restaurant                          56.12 USD

2022-09-04 * "Cafe Modagor" "Eating out with Joe"
  Liabilities:US:Chase:Slate                       -44.92 USD
  Expenses:Food:Restaurant                          44.92 USD

2022-09-05 * "Chichipotle" "Eating out "
  Liabilities:US:Chase:Slate                       -41.57 USD
  Expenses:Food:Restaurant                          41.57 USD

2022-09-08 balance Liabilities:US:Chase:Slate    -1422.07 USD

2022-09-09 * "Rose Flower" "Eating out after work"
  Liabilities:US:Chase:Slate                       -74.18 USD
  Expenses:Food:Restaurant                          74.18 USD

2022-09-10 * "Corner Deli" "Buying groceries"
  Liabilities:US:Chase:Slate                      -138.81 USD
  Expenses:Food:Groceries                          138.81 USD

2022-09-11 * "Chase:Slate" "Paying off credit card"
  Liabilities:US:Chase:Slate                      1055.39 USD
  Assets:US:BofA:Checking                        -1055.39 USD

2022-09-14 * "Cafe Modagor" "Eating out with Joe"
  Liabilities:US:Chase:Slate                       -26.61 USD
  Expenses:Food:Restaurant                          26.61 USD

2022-09-16 * "Jewel of Morroco" "Eating out with Julie"
  Liabilities:US:Chase:Slate                       -39.91 USD
  Expenses:Food:Restaurant                          39.91 USD

2022-09-17 * "Rose Flower" "Eating out "
  Liabilities:US:Chase:Slate                       -53.86 USD
  Expenses:Food:Restaurant                          53.86 USD

2022-09-19 * "Metro Transport Authority" "Tram tickets"
  Liabilities:US:Chase:Slate                      -120.00 USD
  Expenses:Transport:Tram                          120.00 USD

2022-09-20 * "Uncle Boons" "Eating out with Joe"
  Liabilities:US:Chase:Slate                       -19.40 USD
  Expenses:Food:Restaurant                          19.40 USD

2022-09-21 event "location" "New York"

2022-09-22 * "Takahachi" "" #trip-new-york-2022
  Liabilities:US:Chase:Slate                       -42.94 USD
  Expenses:Food:Restaurant                          42.94 USD

2022-09-23 * "Cafe Select" "" #trip-new-york-2022
  Liabilities:US:Chase:Slate                       -30.89 USD
  Expenses:Food:Restaurant                          30.89 USD

2022-09-23 * "Takahachi" "" #trip-new-york-2022
  Liabilities:US:Chase:Slate                       -43.61 USD
  Expenses:Food:Restaurant                          43.61 USD

2022-09-24 * "La Colombe" "" #trip-new-york-2022
  Liabilities:US:Chase:Slate                        -6.82 USD
  Expenses:Food:Coffee                               6.82 USD

2022-09-25 * "Uncle Boons" "" #trip-new-york-2022
  Liabilities:US:Chase:Slate                       -40.78 USD
  Expenses:Food:Restaurant                          40.78 USD

2022-09-25 * "Laut" "" #trip-new-york-2022
  Liabilities:US:Chase:Slate                       -27.02 USD
  Expenses:Food:Restaurant                          27.02 USD

2022-09-26 * "Cafe Select" "" #trip-new-york-2022
  Liabilities:US:Chase:Slate                       -33.12 USD
  Expenses:Food:Restaurant                          33.12 USD

2022-09-26 * "Takahachi" "" #trip-new-york-2022
  Liabilities:US:Chase:Slate                       -53.78 USD
  Expenses:Food:Restaurant                          53.78 USD

2022-09-26 * "Laut" "" #trip-new-york-2022
  Liabilities:US:Chase:Slate                       -32.05 USD
  Expenses:Food:Restaurant                          32.05 USD

2022-09-26 * "La Colombe" "" #trip-new-york-2022
  Liabilities:US:Chase:Slate                        -6.88 USD
  Expenses:Food:Coffee                               6.88 USD

2022-09-27 * "Laut" "" #trip-new-york-2022
  Liabilities:US:Chase:Slate                       -30.99 USD
  Expenses:Food:Restaurant                          30.99 USD

2022-09-27 * "La Colombe" "" #trip-new-york-2022
  Liabilities:US:Chase:Slate                        -6.45 USD
  Expenses:Food:Coffee                               6.45 USD

2022-09-28 * "Takahachi" "" #trip-new-york-2022
  Liabilities:US:Chase:Slate                       -53.64 USD
  Expenses:Food:Restaurant                          53.64 USD

2022-09-28 * "Gimme! Coffee" "" #trip-new-york-2022
  Liabilities:US:Chase:Slate                        -8.87 USD
  Expenses:Food:Coffee                               8.87 USD

2022-09-29 * "Cafe Select" "" #trip-new-york-2022
  Liabilities:US:Chase:Slate                       -30.56 USD
  Expenses:Food:Restaurant                          30.56 USD

2022-09-29 * "Laut" "" #trip-new-york-2022
  Liabilities:US:Chase:Slate                       -34.09 USD
  Expenses:Food:Restaurant                          34.09 USD

2022-09-29 * "La Colombe" "" #trip-new-york-2022
  Liabilities:US:Chase:Slate                        -5.11 USD
  Expenses:Food:Coffee                               5.11 USD

2022-09-29 * "Gimme! Coffee" "" #trip-new-york-2022
  Liabilities:US:Chase:Slate                       -11.24 USD
  Expenses:Food:Coffee                              11.24 USD

2022-09-30 * "China Garden" "Eating out alone"
  Liabilities:US:Chase:Slate                       -19.27 USD
  Expenses:Food:Restaurant                          19.27 USD

2022-09-30 * "La Colombe" "" #trip-new-york-2022
  Liabilities:US:Chase:Slate                        -4.49 USD
  Expenses:Food:Coffee                               4.49 USD

2022-09-30 * "Consume vacation days"
  Assets:US:Babble:Vacation                           -72 VACHR
  Expenses:Vacation                                    72 VACHR

2022-09-30 event "location" "New Metropolis"

2022-10-02 * "Kin Soy" "Eating out with Julie"
  Liabilities:US:Chase:Slate                       -46.90 USD
  Expenses:Food:Restaurant                          46.90 USD

2022-10-03 * "Good Moods Market" "Buying groceries"
  Liabilities:US:Chase:Slate                       -78.38 USD
  Expenses:Food:Groceries                           78.38 USD

2022-10-04 * "Rose Flower" "Eating out with Joe"
  Liabilities:US:Chase:Slate                       -27.59 USD
  Expenses:Food:Restaurant                          27.59 USD

2022-10-07 balance Liabilities:US:Chase:Slate    -1514.92 USD

2022-10-07 * "Chichipotle" "Eating out after work"
  Liabilities:US:Chase:Slate                       -27.91 USD
  Expenses:Food:Restaurant                          27.91 USD

2022-10-08 * "Chase:Slate" "Paying off credit card"
  Liabilities:US:Chase:Slate                       500.23 USD
  Assets:US:BofA:Checking                         -500.23 USD

2022-10-09 * "Good Moods Market" "Buying groceries"
  Liabilities:US:Chase:Slate                       -67.01 USD
  Expenses:Food:Groceries                           67.01 USD

2022-10-11 * "Chichipotle" "Eating out with Bill"
  Liabilities:US:Chase:Slate                       -25.12 USD
  Expenses:Food:Restaurant                          25.12 USD

2022-10-12 * "China Garden" "Eating out alone"
  Liabilities:US:Chase:Slate                       -31.06 USD
  Expenses:Food:Restaurant                          31.06 USD

2022-10-15 * "Cafe Modagor" "Eating out with work buddies"
  Liabilities:US:Chase:Slate                       -28.56 USD
  Expenses:Food:Restaurant                          28.56 USD

2022-10-16 * "Uncle Boons" "Eating out with work buddies"
  Liabilities:US:Chase:Slate                       -49.86 USD
  Expenses:Food:Restaurant                          49.86 USD

2022-10-16 * "Metro Transport Authority" "Tram tickets"
  Liabilities:US:Chase:Slate                      -120.00 USD
  Expenses:Transport:Tram                          120.00 USD

2022-10-18 * "Kin Soy" "Eating out with work buddies"
  Liabilities:US:Chase:Slate                       -49.51 USD
  Expenses:Food:Restaurant                          49.51 USD

2022-10-19 * "Cafe Modagor" "Eating out after work"
  Liabilities:US:Chase:Slate                       -20.43 USD
  Expenses:Food:Restaurant                          20.43 USD

2022-10-21 * "Corner Deli" "Buying groceries"
  Liabilities:US:Chase:Slate                       -75.14 USD
  Expenses:Food:Groceries                           75.14 USD

2022-10-24 * "Kin Soy" "Eating out with Natasha"
  Liabilities:US:Chase:Slate                       -35.87 USD
  Expenses:Food:Restaurant                          35.87 USD

2022-10-26 * "Uncle Boons" "Eating out with Natasha"
  Liabilities:US:Chase:Slate                       -46.79 USD
  Expenses:Food:Restaurant                          46.79 USD

2022-10-29 * "Kin Soy" "Eating out alone"
  Liabilities:US:Chase:Slate                       -39.03 USD
  Expenses:Food:Restaurant                          39.03 USD

2022-11-01 * "Rose Flower" "Eating out with Bill"
  Liabilities:US:Chase:Slate                       -24.85 USD
  Expenses:Food:Restaurant                          24.85 USD

2022-11-02 balance Liabilities:US:Chase:Slate    -1655.83 USD

2022-11-05 * "China Garden" "Eating out with Bill"
  Liabilities:US:Chase:Slate                       -51.67 USD
  Expenses:Food:Restaurant                          51.67 USD

2022-11-07 * "China Garden" "Eating out "
  Liabilities:US:Chase:Slate                       -29.22 USD
  Expenses:Food:Restaurant                          29.22 USD

2022-11-07 * "Chase:Slate" "Paying off credit card"
  Liabilities:US:Chase:Slate                       627.11 USD
  Assets:US:BofA:Checking                         -627.11 USD

2022-11-08 * "Corner Deli" "Buying groceries"
  Liabilities:US:Chase:Slate                       -75.06 USD
  Expenses:Food:Groceries                           75.06 USD

2022-11-09 * "Goba Goba" "Eating out with work buddies"
  Liabilities:US:Chase:Slate                       -49.71 USD
  Expenses:Food:Restaurant                          49.71 USD

2022-11-10 * "Chichipotle" "Eating out with Bill"
  Liabilities:US:Chase:Slate                       -57.64 USD
  Expenses:Food:Restaurant                          57.64 USD

2022-11-11 * "Jewel of Morroco" "Eating out with work buddies"
  Liabilities:US:Chase:Slate                       -33.97 USD
  Expenses:Food:Restaurant                          33.97 USD

2022-11-13 * "Metro Transport Authority" "Tram tickets"
  Liabilities:US:Chase:Slate                      -120.00 USD
  Expenses:Transport:Tram                          120.00 USD

2022-11-16 * "Uncle Boons" "Eating out with Natasha"
  Liabilities:US:Chase:Slate                       -39.97 USD
  Expenses:Food:Restaurant                          39.97 USD

2022-11-18 * "Corner Deli" "Buying groceries"
  Liabilities:US:Chase:Slate                      -113.47 USD
  Expenses:Food:Groceries                          113.47 USD

2022-11-19 * "Jewel of Morroco" "Eating out with Natasha"
  Liabilities:US:Chase:Slate                       -27.33 USD
  Expenses:Food:Restaurant                          27.33 USD

2022-11-20 * "Chichipotle" "Eating out with Joe"
  Liabilities:US:Chase:Slate                       -26.41 USD
  Expenses:Food:Restaurant                          26.41 USD

2022-11-21 * "Chichipotle" "Eating out "
  Liabilities:US:Chase:Slate                       -20.39 USD
  Expenses:Food:Restaurant                          20.39 USD

2022-11-26 * "Rose Flower" "Eating out with Bill"
  Liabilities:US:Chase:Slate                       -21.76 USD
  Expenses:Food:Restaurant                          21.76 USD

2022-11-27 * "Uncle Boons" "Eating out "
  Liabilities:US:Chase:Slate                       -29.08 USD
  Expenses:Food:Restaurant                          29.08 USD

2022-11-29 * "Jewel of Morroco" "Eating out with Joe"
  Liabilities:US:Chase:Slate                       -27.63 USD
  Expenses:Food:Restaurant                          27.63 USD

2022-11-30 * "Chichipotle" "Eating out with work buddies"
  Liabilities:US:Chase:Slate                       -19.19 USD
  Expenses:Food:Restaurant                          19.19 USD

2022-12-02 balance Liabilities:US:Chase:Slate    -1771.22 USD

2022-12-02 * "Goba Goba" "Eating out with Bill"
  Liabilities:US:Chase:Slate                       -33.23 USD
  Expenses:Food:Restaurant                          33.23 USD

2022-12-03 * "Good Moods Market" "Buying groceries"
  Liabilities:US:Chase:Slate                       -86.97 USD
  Expenses:Food:Groceries                           86.97 USD

2022-12-05 * "Cafe Modagor" "Eating out with Julie"
  Liabilities:US:Chase:Slate                       -20.71 USD
  Expenses:Food:Restaurant                          20.71 USD

2022-12-08 * "Corner Deli" "Buying groceries"
  Liabilities:US:Chase:Slate                       -65.55 USD
  Expenses:Food:Groceries                           65.55 USD

2022-12-08 * "Chase:Slate" "Paying off credit card"
  Liabilities:US:Chase:Slate                       868.07 USD
  Assets:US:BofA:Checking                         -868.07 USD

2022-12-09 * "China Garden" "Eating out with work buddies"
  Liabilities:US:Chase:Slate                       -76.64 USD
  Expenses:Food:Restaurant                          76.64 USD

2022-12-10 * "Metro Transport Authority" "Tram tickets"
  Liabilities:US:Chase:Slate                      -120.00 USD
  Expenses:Transport:Tram                          120.00 USD

2022-12-12 * "Goba Goba" "Eating out after work"
  Liabilities:US:Chase:Slate                       -35.06 USD
  Expenses:Food:Restaurant                          35.06 USD

2022-12-16 * "Rose Flower" "Eating out with Joe"
  Liabilities:US:Chase:Slate                       -20.51 USD
  Expenses:Food:Restaurant                          20.51 USD

2022-12-17 * "Uncle Boons" "Eating out with Bill"
  Liabilities:US:Chase:Slate                       -23.13 USD
  Expenses:Food:Restaurant                          23.13 USD

2022-12-19 * "China Garden" "Eating out with Julie"
  Liabilities:US:Chase:Slate                       -40.48 USD
  Expenses:Food:Restaurant                          40.48 USD

2022-12-21 * "Farmer Fresh" "Buying groceries"
  Liabilities:US:Chase:Slate                       -76.72 USD
  Expenses:Food:Groceries                           76.72 USD

2022-12-24 * "Kin Soy" "Eating out with work buddies"
  Liabilities:US:Chase:Slate                       -23.00 USD
  Expenses:Food:Restaurant                          23.00 USD

2022-12-29 * "Goba Goba" "Eating out alone"
  Liabilities:US:Chase:Slate                        -7.66 USD
  Expenses:Food:Restaurant                           7.66 USD

2022-12-31 balance Liabilities:US:Chase:Slate    -1532.81 USD

2023-01-02 * "Goba Goba" "Eating out with Bill"
  Liabilities:US:Chase:Slate                       -40.03 USD
  Expenses:Food:Restaurant                          40.03 USD

2023-01-03 * "Jewel of Morroco" "Eating out with work buddies"
  Liabilities:US:Chase:Slate                       -35.95 USD
  Expenses:Food:Restaurant                          35.95 USD

2023-01-07 * "Chichipotle" "Eating out with Bill"
  Liabilities:US:Chase:Slate                       -27.39 USD
  Expenses:Food:Restaurant                          27.39 USD

2023-01-07 * "Chase:Slate" "Paying off credit card"
  Liabilities:US:Chase:Slate                       526.57 USD
  Assets:US:BofA:Checking                         -526.57 USD

2023-01-09 * "Good Moods Market" "Buying groceries"
  Liabilities:US:Chase:Slate                       -81.48 USD
  Expenses:Food:Groceries                           81.48 USD

2023-01-11 * "China Garden" "Eating out alone"
  Liabilities:US:Chase:Slate                       -57.66 USD
  Expenses:Food:Restaurant                          57.66 USD

2023-01-11 * "Metro Transport Authority" "Tram tickets"
  Liabilities:US:Chase:Slate                      -120.00 USD
  Expenses:Transport:Tram                          120.00 USD

2023-01-15 * "Goba Goba" "Eating out with Natasha"
  Liabilities:US:Chase:Slate                       -54.65 USD
  Expenses:Food:Restaurant                          54.65 USD

2023-01-15 * "Corner Deli" "Buying groceries"
  Liabilities:US:Chase:Slate                       -60.52 USD
  Expenses:Food:Groceries                           60.52 USD

2023-01-19 * "Uncle Boons" "Eating out after work"
  Liabilities:US:Chase:Slate                       -18.60 USD
  Expenses:Food:Restaurant                          18.60 USD

2023-01-23 balance Liabilities:US:Chase:Slate    -1502.52 USD

2023-01-24 * "Kin Soy" "Eating out with Bill"
  Liabilities:US:Chase:Slate                       -41.13 USD
  Expenses:Food:Restaurant                          41.13 USD

2023-01-29 * "Chichipotle" "Eating out with Natasha"
  Liabilities:US:Chase:Slate                       -25.82 USD
  Expenses:Food:Restaurant                          25.82 USD

2023-01-30 * "Corner Deli" "Buying groceries"
  Liabilities:US:Chase:Slate                       -70.34 USD
  Expenses:Food:Groceries                           70.34 USD

2023-02-02 * "Kin Soy" "Eating out with Julie"
  Liabilities:US:Chase:Slate                       -24.13 USD
  Expenses:Food:Restaurant                          24.13 USD

2023-02-07 * "Cafe Modagor" "Eating out with Bill"
  Liabilities:US:Chase:Slate                       -23.11 USD
  Expenses:Food:Restaurant                          23.11 USD

2023-02-08 * "Chase:Slate" "Paying off credit card"
  Liabilities:US:Chase:Slate                       673.47 USD
  Assets:US:BofA:Checking                         -673.47 USD

2023-02-09 * "Good Moods Market" "Buying groceries"
  Liabilities:US:Chase:Slate                       -96.03 USD
  Expenses:Food:Groceries                           96.03 USD

2023-02-09 * "Metro Transport Authority" "Tram tickets"
  Liabilities:US:Chase:Slate                      -120.00 USD
  Expenses:Transport:Tram                          120.00 USD

2023-02-11 * "Kin Soy" "Eating out with work buddies"
  Liabilities:US:Chase:Slate                       -43.46 USD
  Expenses:Food:Restaurant                          43.46 USD

2023-02-14 balance Liabilities:US:Chase:Slate    -1273.07 USD

2023-02-14 * "Uncle Boons" "Eating out with work buddies"
  Liabilities:US:Chase:Slate                       -25.58 USD
  Expenses:Food:Restaurant                          25.58 USD

2023-02-19 * "Goba Goba" "Eating out after work"
  Liabilities:US:Chase:Slate                       -17.33 USD
  Expenses:Food:Restaurant                          17.33 USD

2023-02-24 * "Kin Soy" "Eating out with Julie"
  Liabilities:US:Chase:Slate                       -17.11 USD
  Expenses:Food:Restaurant                          17.11 USD

2023-02-28 * "Uncle Boons" "Eating out after work"
  Liabilities:US:Chase:Slate                       -33.69 USD
  Expenses:Food:Restaurant                          33.69 USD

2023-03-01 * "Good Moods Market" "Buying groceries"
  Liabilities:US:Chase:Slate                       -89.64 USD
  Expenses:Food:Groceries                           89.64 USD

2023-03-02 * "Cafe Modagor" "Eating out alone"
  Liabilities:US:Chase:Slate                       -27.82 USD
  Expenses:Food:Restaurant                          27.82 USD

2023-03-06 * "Goba Goba" "Eating out alone"
  Liabilities:US:Chase:Slate                       -42.74 USD
  Expenses:Food:Restaurant                          42.74 USD

2023-03-08 * "Chase:Slate" "Paying off credit card"
  Liabilities:US:Chase:Slate                       442.77 USD
  Assets:US:BofA:Checking                         -442.77 USD

2023-03-10 balance Liabilities:US:Chase:Slate    -1084.21 USD

2023-03-11 * "Chichipotle" "Eating out with Natasha"
  Liabilities:US:Chase:Slate                       -25.40 USD
  Expenses:Food:Restaurant                          25.40 USD

2023-03-12 * "Metro Transport Authority" "Tram tickets"
  Liabilities:US:Chase:Slate                      -120.00 USD
  Expenses:Transport:Tram                          120.00 USD

2023-03-14 * "China Garden" "Eating out with Bill"
  Liabilities:US:Chase:Slate                       -41.05 USD
  Expenses:Food:Restaurant                          41.05 USD

2023-03-15 * "Chichipotle" "Eating out alone"
  Liabilities:US:Chase:Slate                       -50.46 USD
  Expenses:Food:Restaurant                          50.46 USD

2023-03-16 * "Farmer Fresh" "Buying groceries"
  Liabilities:US:Chase:Slate                       -72.52 USD
  Expenses:Food:Groceries                           72.52 USD

2023-03-18 * "Chichipotle" "Eating out with Natasha"
  Liabilities:US:Chase:Slate                       -17.01 USD
  Expenses:Food:Restaurant                          17.01 USD

2023-03-23 * "Cafe Modagor" "Eating out with work buddies"
  Liabilities:US:Chase:Slate                       -27.77 USD
  Expenses:Food:Restaurant                          27.77 USD

2023-03-24 * "Chichipotle" "Eating out with Julie"
  Liabilities:US:Chase:Slate                       -38.34 USD
  Expenses:Food:Restaurant                          38.34 USD

2023-03-25 * "Uncle Boons" "Eating out with Joe"
  Liabilities:US:Chase:Slate                       -29.95 USD
  Expenses:Food:Restaurant                          29.95 USD

2023-03-28 * "Rose Flower" "Eating out with Joe"
  Liabilities:US:Chase:Slate                       -35.79 USD
  Expenses:Food:Restaurant                          35.79 USD

2023-03-31 * "Good Moods Market" "Buying groceries"
  Liabilities:US:Chase:Slate                       -61.78 USD
  Expenses:Food:Groceries                           61.78 USD

2023-04-01 * "Chichipotle" "Eating out with work buddies"
  Liabilities:US:Chase:Slate                       -22.05 USD
  Expenses:Food:Restaurant                          22.05 USD

2023-04-05 balance Liabilities:US:Chase:Slate    -1626.33 USD

2023-04-05 * "Goba Goba" "Eating out with Bill"
  Liabilities:US:Chase:Slate                       -18.95 USD
  Expenses:Food:Restaurant                          18.95 USD

2023-04-06 * "Farmer Fresh" "Buying groceries"
  Liabilities:US:Chase:Slate                      -109.10 USD
  Expenses:Food:Groceries                          109.10 USD

2023-04-09 * "Uncle Boons" "Eating out alone"
  Liabilities:US:Chase:Slate                       -23.75 USD
  Expenses:Food:Restaurant                          23.75 USD

2023-04-10 * "Chase:Slate" "Paying off credit card"
  Liabilities:US:Chase:Slate                       788.52 USD
  Assets:US:BofA:Checking                         -788.52 USD

2023-04-11 * "Metro Transport Authority" "Tram tickets"
  Liabilities:US:Chase:Slate                      -120.00 USD
  Expenses:Transport:Tram                          120.00 USD

2023-04-13 * "Cafe Modagor" "Eating out with Natasha"
  Liabilities:US:Chase:Slate                       -52.17 USD
  Expenses:Food:Restaurant                          52.17 USD

2023-04-14 * "Goba Goba" "Eating out alone"
  Liabilities:US:Chase:Slate                       -39.13 USD
  Expenses:Food:Restaurant                          39.13 USD

2023-04-16 * "Jewel of Morroco" "Eating out with Joe"
  Liabilities:US:Chase:Slate                       -50.58 USD
  Expenses:Food:Restaurant                          50.58 USD

2023-04-18 * "Chichipotle" "Eating out with work buddies"
  Liabilities:US:Chase:Slate                       -50.98 USD
  Expenses:Food:Restaurant                          50.98 USD

2023-04-19 * "Onion Market" "Buying groceries"
  Liabilities:US:Chase:Slate                       -86.24 USD
  Expenses:Food:Groceries                           86.24 USD

2023-04-20 * "Cafe Modagor" "Eating out with Julie"
  Liabilities:US:Chase:Slate                       -23.89 USD
  Expenses:Food:Restaurant                          23.89 USD

2023-04-24 * "Onion Market" "Buying groceries"
  Liabilities:US:Chase:Slate                      -104.97 USD
  Expenses:Food:Groceries                          104.97 USD

2023-04-25 * "Jewel of Morroco" "Eating out after work"
  Liabilities:US:Chase:Slate                       -42.06 USD
  Expenses:Food:Restaurant                          42.06 USD

2023-04-27 * "Chichipotle" "Eating out with Julie"
  Liabilities:US:Chase:Slate                       -21.91 USD
  Expenses:Food:Restaurant                          21.91 USD

2023-04-28 * "Goba Goba" "Eating out with Bill"
  Liabilities:US:Chase:Slate                       -48.50 USD
  Expenses:Food:Restaurant                          48.50 USD

2023-04-29 * "Uncle Boons" "Eating out after work"
  Liabilities:US:Chase:Slate                       -29.01 USD
  Expenses:Food:Restaurant                          29.01 USD

2023-04-30 balance Liabilities:US:Chase:Slate    -1659.05 USD

2023-05-02 * "Cafe Modagor" "Eating out after work"
  Liabilities:US:Chase:Slate                       -23.80 USD
  Expenses:Food:Restaurant                          23.80 USD

2023-05-03 * "Goba Goba" "Eating out after work"
  Liabilities:US:Chase:Slate                       -17.06 USD
  Expenses:Food:Restaurant                          17.06 USD

2023-05-06 * "Onion Market" "Buying groceries"
  Liabilities:US:Chase:Slate                      -100.29 USD
  Expenses:Food:Groceries                          100.29 USD

2023-05-07 * "Jewel of Morroco" "Eating out after work"
  Liabilities:US:Chase:Slate                       -13.74 USD
  Expenses:Food:Restaurant                          13.74 USD

2023-05-08 * "Metro Transport Authority" "Tram tickets"
  Liabilities:US:Chase:Slate                      -120.00 USD
  Expenses:Transport:Tram                          120.00 USD

2023-05-11 * "Chase:Slate" "Paying off credit card"
  Liabilities:US:Chase:Slate                       846.52 USD
  Assets:US:BofA:Checking                         -846.52 USD

2023-05-12 * "Kin Soy" "Eating out alone"
  Liabilities:US:Chase:Slate                       -22.19 USD
  Expenses:Food:Restaurant                          22.19 USD

2023-05-14 * "Good Moods Market" "Buying groceries"
  Liabilities:US:Chase:Slate                       -68.69 USD
  Expenses:Food:Groceries                           68.69 USD

2023-05-17 * "Chichipotle" "Eating out with Joe"
  Liabilities:US:Chase:Slate                       -27.92 USD
  Expenses:Food:Restaurant                          27.92 USD

2023-05-20 balance Liabilities:US:Chase:Slate    -1206.22 USD

2023-05-20 * "Jewel of Morroco" "Eating out with Joe"
  Liabilities:US:Chase:Slate                       -20.91 USD
  Expenses:Food:Restaurant                          20.91 USD

2023-05-21 * "China Garden" "Eating out alone"
  Liabilities:US:Chase:Slate                       -18.31 USD
  Expenses:Food:Restaurant                          18.31 USD

2023-05-22 * "Jewel of Morroco" "Eating out "
  Liabilities:US:Chase:Slate                       -33.34 USD
  Expenses:Food:Restaurant                          33.34 USD

2023-05-25 * "Kin Soy" "Eating out alone"
  Liabilities:US:Chase:Slate                       -40.85 USD
  Expenses:Food:Restaurant                          40.85 USD

2023-05-28 * "Uncle Boons" "Eating out with Bill"
  Liabilities:US:Chase:Slate                       -26.79 USD
  Expenses:Food:Restaurant                          26.79 USD

2023-05-29 * "Uncle Boons" "Eating out with Joe"
  Liabilities:US:Chase:Slate                       -17.06 USD
  Expenses:Food:Restaurant                          17.06 USD

2023-06-01 * "Good Moods Market" "Buying groceries"
  Liabilities:US:Chase:Slate                       -68.08 USD
  Expenses:Food:Groceries                           68.08 USD

2023-06-02 * "Uncle Boons" "Eating out with Natasha"
  Liabilities:US:Chase:Slate                       -40.84 USD
  Expenses:Food:Restaurant                          40.84 USD

2023-06-06 * "Goba Goba" "Eating out with Bill"
  Liabilities:US:Chase:Slate                       -14.65 USD
  Expenses:Food:Restaurant                          14.65 USD

2023-06-08 * "Chichipotle" "Eating out with work buddies"
  Liabilities:US:Chase:Slate                       -63.26 USD
  Expenses:Food:Restaurant                          63.26 USD

2023-06-08 * "Onion Market" "Buying groceries"
  Liabilities:US:Chase:Slate                       -95.43 USD
  Expenses:Food:Groceries                           95.43 USD

2023-06-08 * "Metro Transport Authority" "Tram tickets"
  Liabilities:US:Chase:Slate                      -120.00 USD
  Expenses:Transport:Tram                          120.00 USD

2023-06-10 * "China Garden" "Eating out with Julie"
  Liabilities:US:Chase:Slate                       -36.70 USD
  Expenses:Food:Restaurant                          36.70 USD

2023-06-12 * "China Garden" "Eating out "
  Liabilities:US:Chase:Slate                       -38.74 USD
  Expenses:Food:Restaurant                          38.74 USD

2023-06-14 balance Liabilities:US:Chase:Slate    -1841.18 USD

2023-06-14 * "Cafe Modagor" "Eating out alone"
  Liabilities:US:Chase:Slate                       -18.49 USD
  Expenses:Food:Restaurant                          18.49 USD

2023-06-16 * "Cafe Modagor" "Eating out with Bill"
  Liabilities:US:Chase:Slate                       -31.00 USD
  Expenses:Food:Restaurant                          31.00 USD

2023-06-18 * "Uncle Boons" "Eating out "
  Liabilities:US:Chase:Slate                       -63.18 USD
  Expenses:Food:Restaurant                          63.18 USD

2023-06-18 * "Farmer Fresh" "Buying groceries"
  Liabilities:US:Chase:Slate                       -68.27 USD
  Expenses:Food:Groceries                           68.27 USD



* Taxable Investments

2021-01-01 open Assets:US:ETrade:Cash                       USD
2021-01-01 open Assets:US:ETrade:ITOT                       ITOT
2021-01-01 open Assets:US:ETrade:VEA                       VEA
2021-01-01 open Assets:US:ETrade:VHT                       VHT
2021-01-01 open Assets:US:ETrade:GLD                       GLD
2021-01-01 open Income:US:ETrade:PnL                        USD
2021-01-01 open Income:US:ETrade:ITOT:Dividend              USD
2021-01-01 open Income:US:ETrade:VEA:Dividend              USD
2021-01-01 open Income:US:ETrade:VHT:Dividend              USD
2021-01-01 open Income:US:ETrade:GLD:Dividend              USD

2021-09-18 * "Dividends on portfolio"
  Assets:US:ETrade:Cash                              0.00 USD
  Income:US:ETrade:ITOT:Dividend                     0.00 USD

2021-09-21 * "Buy shares of GLD"
  Assets:US:ETrade:Cash                          -1344.79 USD
  Assets:US:ETrade:GLD                                  8 GLD {166.98 USD, 2021-09-21}
  Expenses:Financial:Commissions                     8.95 USD

2021-09-21 * "Buy shares of VEA"
  Assets:US:ETrade:Cash                          -1361.95 USD
  Assets:US:ETrade:VEA                                 15 VEA {90.20 USD, 2021-09-21}
  Expenses:Financial:Commissions                     8.95 USD

2021-09-21 * "Buy shares of ITOT"
  Assets:US:ETrade:Cash                          -1330.45 USD
  Assets:US:ETrade:ITOT                                10 ITOT {132.15 USD, 2021-09-21}
  Expenses:Financial:Commissions                     8.95 USD

2021-11-15 * "Buy shares of VHT"
  Assets:US:ETrade:Cash                           -777.35 USD
  Assets:US:ETrade:VHT                                 10 VHT {76.84 USD, 2021-11-15}
  Expenses:Financial:Commissions                     8.95 USD

2021-11-15 * "Buy shares of GLD"
  Assets:US:ETrade:Cash                           -651.79 USD
  Assets:US:ETrade:GLD                                  4 GLD {160.71 USD, 2021-11-15}
  Expenses:Financial:Commissions                     8.95 USD

2021-11-15 * "Buy shares of VEA"
  Assets:US:ETrade:Cash                           -756.07 USD
  Assets:US:ETrade:VEA                                  8 VEA {93.39 USD, 2021-11-15}
  Expenses:Financial:Commissions                     8.95 USD

2021-11-15 * "Buy shares of ITOT"
  Assets:US:ETrade:Cash                           -783.19 USD
  Assets:US:ETrade:ITOT                                 6 ITOT {129.04 USD, 2021-11-15}
  Expenses:Financial:Commissions                     8.95 USD

2021-12-17 * "Dividends on portfolio"
  Assets:US:ETrade:Cash                             27.77 USD
  Income:US:ETrade:GLD:Dividend                    -27.77 USD

2021-12-23 * "Sell shares of VEA"
  Assets:US:ETrade:VEA                                -15 VEA {90.20 USD, 2021-09-21} @ 96.71 USD
  Assets:US:ETrade:Cash                           1441.70 USD
  Expenses:Financial:Commissions                     8.95 USD
  Income:US:ETrade:PnL                             -97.65 USD

2021-12-27 * "Buy shares of ITOT"
  Assets:US:ETrade:Cash                           -787.27 USD
  Assets:US:ETrade:ITOT                                 6 ITOT {129.72 USD, 2021-12-27}
  Expenses:Financial:Commissions                     8.95 USD

2021-12-27 * "Buy shares of GLD"
  Assets:US:ETrade:Cash                           -833.15 USD
  Assets:US:ETrade:GLD                                  5 GLD {164.84 USD, 2021-12-27}
  Expenses:Financial:Commissions                     8.95 USD

2022-01-22 * "Sell shares of VHT"
  Assets:US:ETrade:VHT                                -10 VHT {76.84 USD, 2021-11-15} @ 87.18 USD
  Assets:US:ETrade:Cash                            862.85 USD
  Expenses:Financial:Commissions                     8.95 USD
  Income:US:ETrade:PnL                            -103.40 USD

2022-01-27 * "Buy shares of VHT"
  Assets:US:ETrade:Cash                           -444.85 USD
  Assets:US:ETrade:VHT                                  5 VHT {87.18 USD, 2022-01-27}
  Expenses:Financial:Commissions                     8.95 USD

2022-01-27 * "Buy shares of GLD"
  Assets:US:ETrade:Cash                           -468.43 USD
  Assets:US:ETrade:GLD                                  3 GLD {153.16 USD, 2022-01-27}
  Expenses:Financial:Commissions                     8.95 USD

2022-03-03 * "Sell shares of VHT"
  Assets:US:ETrade:VHT                                 -5 VHT {87.18 USD, 2022-01-27} @ 90.38 USD
  Assets:US:ETrade:Cash                            442.95 USD
  Expenses:Financial:Commissions                     8.95 USD
  Income:US:ETrade:PnL                             -16.00 USD

2022-03-16 * "Sell shares of ITOT"
  Assets:US:ETrade:ITOT                                -6 ITOT {129.04 USD, 2021-11-15} @ 131.91 USD
  Assets:US:ETrade:Cash                            782.51 USD
  Expenses:Financial:Commissions                     8.95 USD
  Income:US:ETrade:PnL                             -17.22 USD

2022-03-18 * "Dividends on portfolio"
  Assets:US:ETrade:Cash                             37.76 USD
  Income:US:ETrade:VEA:Dividend                    -37.76 USD

2022-04-12 * "Buy shares of ITOT"
  Assets:US:ETrade:Cash                           -664.85 USD
  Assets:US:ETrade:ITOT                                 5 ITOT {131.18 USD, 2022-04-12}
  Expenses:Financial:Commissions                     8.95 USD

2022-04-12 * "Buy shares of VHT"
  Assets:US:ETrade:Cash                           -698.71 USD
  Assets:US:ETrade:VHT                                  8 VHT {86.22 USD, 2022-04-12}
  Expenses:Financial:Commissions                     8.95 USD

2022-06-18 * "Dividends on portfolio"
  Assets:US:ETrade:Cash                             43.15 USD
  Income:US:ETrade:VEA:Dividend                    -43.15 USD

2022-09-11 * "Sell shares of ITOT"
  Assets:US:ETrade:ITOT                               -10 ITOT {132.15 USD, 2021-09-21} @ 144.67 USD
  Assets:US:ETrade:Cash                           1437.75 USD
  Expenses:Financial:Commissions                     8.95 USD
  Income:US:ETrade:PnL                            -125.20 USD

2022-09-18 * "Dividends on portfolio"
  Assets:US:ETrade:Cash                             43.15 USD
  Income:US:ETrade:VEA:Dividend                    -43.15 USD

2022-10-05 * "Buy shares of ITOT"
  Assets:US:ETrade:Cash                          -1039.63 USD
  Assets:US:ETrade:ITOT                                 7 ITOT {147.24 USD, 2022-10-05}
  Expenses:Financial:Commissions                     8.95 USD

2022-10-05 * "Buy shares of VHT"
  Assets:US:ETrade:Cash                          -1079.11 USD
  Assets:US:ETrade:VHT                                 12 VHT {89.18 USD, 2022-10-05}
  Expenses:Financial:Commissions                     8.95 USD

2022-10-05 * "Buy shares of GLD"
  Assets:US:ETrade:Cash                          -1058.18 USD
  Assets:US:ETrade:GLD                                  7 GLD {149.89 USD, 2022-10-05}
  Expenses:Financial:Commissions                     8.95 USD

2022-10-05 * "Buy shares of VEA"
  Assets:US:ETrade:Cash                          -1022.35 USD
  Assets:US:ETrade:VEA                                 10 VEA {101.34 USD, 2022-10-05}
  Expenses:Financial:Commissions                     8.95 USD

2022-10-26 * "Sell shares of ITOT"
  Assets:US:ETrade:ITOT                                -6 ITOT {129.72 USD, 2021-12-27} @ 148.53 USD
  Assets:US:ETrade:Cash                            882.23 USD
  Expenses:Financial:Commissions                     8.95 USD
  Income:US:ETrade:PnL                            -112.86 USD

2022-11-03 * "Buy shares of ITOT"
  Assets:US:ETrade:Cash                          -2580.20 USD
  Assets:US:ETrade:ITOT                                17 ITOT {151.25 USD, 2022-11-03}
  Expenses:Financial:Commissions                     8.95 USD

2022-11-03 * "Buy shares of GLD"
  Assets:US:ETrade:Cash                          -2497.58 USD
  Assets:US:ETrade:GLD                                 17 GLD {146.39 USD, 2022-11-03}
  Expenses:Financial:Commissions                     8.95 USD

2022-12-01 * "Sell shares of ITOT"
  Assets:US:ETrade:ITOT                                -5 ITOT {131.18 USD, 2022-04-12} @ 152.73 USD
  Assets:US:ETrade:Cash                            754.70 USD
  Expenses:Financial:Commissions                     8.95 USD
  Income:US:ETrade:PnL                            -107.75 USD

2022-12-03 * "Sell shares of GLD"
  Assets:US:ETrade:GLD                                 -8 GLD {166.98 USD, 2021-09-21} @ 153.01 USD
  Assets:US:ETrade:Cash                           1215.13 USD
  Expenses:Financial:Commissions                     8.95 USD
  Income:US:ETrade:PnL                             111.76 USD

2022-12-10 * "Buy shares of ITOT"
  Assets:US:ETrade:Cash                          -1087.16 USD
  Assets:US:ETrade:ITOT                                 7 ITOT {154.03 USD, 2022-12-10}
  Expenses:Financial:Commissions                     8.95 USD

2022-12-10 * "Buy shares of VEA"
  Assets:US:ETrade:Cash                          -1174.95 USD
  Assets:US:ETrade:VEA                                 11 VEA {106.00 USD, 2022-12-10}
  Expenses:Financial:Commissions                     8.95 USD

2022-12-10 * "Buy shares of VHT"
  Assets:US:ETrade:Cash                          -1203.26 USD
  Assets:US:ETrade:VHT                                 13 VHT {91.87 USD, 2022-12-10}
  Expenses:Financial:Commissions                     8.95 USD

2022-12-10 * "Buy shares of GLD"
  Assets:US:ETrade:Cash                          -1097.24 USD
  Assets:US:ETrade:GLD                                  7 GLD {155.47 USD, 2022-12-10}
  Expenses:Financial:Commissions                     8.95 USD

2022-12-17 * "Dividends on portfolio"
  Assets:US:ETrade:Cash                             98.15 USD
  Income:US:ETrade:ITOT:Dividend                   -98.15 USD

2023-03-01 * "Sell shares of GLD"
  Assets:US:ETrade:GLD                                -17 GLD {146.39 USD, 2022-11-03} @ 163.74 USD
  Assets:US:ETrade:Cash                           2774.63 USD
  Expenses:Financial:Commissions                     8.95 USD
  Income:US:ETrade:PnL                            -294.95 USD

2023-03-18 * "Buy shares of VEA"
  Assets:US:ETrade:Cash                          -1503.31 USD
  Assets:US:ETrade:VEA                                 14 VEA {106.74 USD, 2023-03-18}
  Expenses:Financial:Commissions                     8.95 USD

2023-03-18 * "Buy shares of GLD"
  Assets:US:ETrade:Cash                          -1564.24 USD
  Assets:US:ETrade:GLD                                  9 GLD {172.81 USD, 2023-03-18}
  Expenses:Financial:Commissions                     8.95 USD

2023-03-18 * "Dividends on portfolio"
  Assets:US:ETrade:Cash                            110.35 USD
  Income:US:ETrade:ITOT:Dividend                  -110.35 USD

2023-06-06 * "Sell shares of ITOT"
  Assets:US:ETrade:ITOT                               -17 ITOT {151.25 USD, 2022-11-03} @ 175.64 USD
  Assets:US:ETrade:Cash                           2976.93 USD
  Expenses:Financial:Commissions                     8.95 USD
  Income:US:ETrade:PnL                            -414.63 USD

2023-06-18 * "Dividends on portfolio"
  Assets:US:ETrade:Cash                            110.35 USD
  Income:US:ETrade:ITOT:Dividend                  -110.35 USD



* Vanguard Investments

2021-01-01 open Assets:US:Vanguard:VBMPX                     VBMPX
  number: "882882"
2021-01-01 open Assets:US:Vanguard:RGAGX                     RGAGX
  number: "882882"
2021-01-01 open Assets:US:Vanguard                            USD
  address: "P.O. Box 1110, Valley Forge, PA 19482-1110"
  institution: "Vanguard Group"
  phone: "+1.800.523.1188"
2021-01-01 open Income:US:Babble:Match401k                   USD
2021-01-01 open Assets:US:Vanguard:Cash                       USD
  number: "882882"

2021-01-08 * "Employer match for contribution"
  Assets:US:Vanguard:Cash                          600.00 USD
  Income:US:Babble:Match401k                      -600.00 USD

2021-01-11 * "Investing 40% of cash in VBMPX"
  Assets:US:Vanguard:VBMPX                          5.094 VBMPX {94.22 USD, 2021-01-11}
  Assets:US:Vanguard:Cash                         -479.96 USD

2021-01-11 * "Investing 60% of cash in RGAGX"
  Assets:US:Vanguard:RGAGX                          5.114 RGAGX {140.80 USD, 2021-01-11}
  Assets:US:Vanguard:Cash                         -720.05 USD

2021-01-11 * "Investing 40% of cash in VBMPX"
  Assets:US:Vanguard:VBMPX                          2.547 VBMPX {94.22 USD, 2021-01-11}
  Assets:US:Vanguard:Cash                         -239.98 USD

2021-01-11 * "Investing 60% of cash in RGAGX"
  Assets:US:Vanguard:RGAGX                          2.557 RGAGX {140.80 USD, 2021-01-11}
  Assets:US:Vanguard:Cash                         -360.03 USD

2021-01-22 * "Employer match for contribution"
  Assets:US:Vanguard:Cash                          600.00 USD
  Income:US:Babble:Match401k                      -600.00 USD

2021-01-25 * "Investing 40% of cash in VBMPX"
  Assets:US:Vanguard:VBMPX                          5.114 VBMPX {93.85 USD, 2021-01-25}
  Assets:US:Vanguard:Cash                         -479.95 USD

2021-01-25 * "Investing 60% of cash in RGAGX"
  Assets:US:Vanguard:RGAGX                          5.054 RGAGX {142.47 USD, 2021-01-25}
  Assets:US:Vanguard:Cash                         -720.04 USD

2021-01-25 * "Investing 40% of cash in VBMPX"
  Assets:US:Vanguard:VBMPX                          2.557 VBMPX {93.85 USD, 2021-01-25}
  Assets:US:Vanguard:Cash                         -239.97 USD

2021-01-25 * "Investing 60% of cash in RGAGX"
  Assets:US:Vanguard:RGAGX                          2.527 RGAGX {142.47 USD, 2021-01-25}
  Assets:US:Vanguard:Cash                         -360.02 USD

2021-02-05 * "Employer match for contribution"
  Assets:US:Vanguard:Cash                          600.00 USD
  Income:US:Babble:Match401k                      -600.00 USD

2021-02-08 * "Investing 40% of cash in VBMPX"
  Assets:US:Vanguard:VBMPX                          5.093 VBMPX {94.24 USD, 2021-02-08}
  Assets:US:Vanguard:Cash                         -479.96 USD

2021-02-08 * "Investing 60% of cash in RGAGX"
  Assets:US:Vanguard:RGAGX                          5.081 RGAGX {141.70 USD, 2021-02-08}
  Assets:US:Vanguard:Cash                         -719.98 USD

2021-02-08 * "Investing 40% of cash in VBMPX"
  Assets:US:Vanguard:VBMPX                          2.547 VBMPX {94.24 USD, 2021-02-08}
  Assets:US:Vanguard:Cash                         -240.03 USD

2021-02-08 * "Investing 60% of cash in RGAGX"
  Assets:US:Vanguard:RGAGX                          2.541 RGAGX {141.70 USD, 2021-02-08}
  Assets:US:Vanguard:Cash                         -360.06 USD

2021-02-19 * "Employer match for contribution"
  Assets:US:Vanguard:Cash                          600.00 USD
  Income:US:Babble:Match401k                      -600.00 USD

2021-02-22 * "Investing 40% of cash in VBMPX"
  Assets:US:Vanguard:VBMPX                          5.082 VBMPX {94.44 USD, 2021-02-22}
  Assets:US:Vanguard:Cash                         -479.94 USD

2021-02-22 * "Investing 60% of cash in RGAGX"
  Assets:US:Vanguard:RGAGX                          4.956 RGAGX {145.27 USD, 2021-02-22}
  Assets:US:Vanguard:Cash                         -719.96 USD

2021-02-22 * "Investing 40% of cash in VBMPX"
  Assets:US:Vanguard:VBMPX                          2.542 VBMPX {94.44 USD, 2021-02-22}
  Assets:US:Vanguard:Cash                         -240.07 USD

2021-02-22 * "Investing 60% of cash in RGAGX"
  Assets:US:Vanguard:RGAGX                          2.478 RGAGX {145.27 USD, 2021-02-22}
  Assets:US:Vanguard:Cash                         -359.98 USD

2021-03-05 * "Employer match for contribution"
  Assets:US:Vanguard:Cash                          600.00 USD
  Income:US:Babble:Match401k                      -600.00 USD

2021-03-08 * "Investing 40% of cash in VBMPX"
  Assets:US:Vanguard:VBMPX                          5.028 VBMPX {95.46 USD, 2021-03-08}
  Assets:US:Vanguard:Cash                         -479.97 USD

2021-03-08 * "Investing 60% of cash in RGAGX"
  Assets:US:Vanguard:RGAGX                          4.897 RGAGX {147.02 USD, 2021-03-08}
  Assets:US:Vanguard:Cash                         -719.96 USD

2021-03-08 * "Investing 40% of cash in VBMPX"
  Assets:US:Vanguard:VBMPX                          2.515 VBMPX {95.46 USD, 2021-03-08}
  Assets:US:Vanguard:Cash                         -240.08 USD

2021-03-08 * "Investing 60% of cash in RGAGX"
  Assets:US:Vanguard:RGAGX                          2.449 RGAGX {147.02 USD, 2021-03-08}
  Assets:US:Vanguard:Cash                         -360.05 USD

2021-03-19 * "Employer match for contribution"
  Assets:US:Vanguard:Cash                          600.00 USD
  Income:US:Babble:Match401k                      -600.00 USD

2021-03-22 * "Investing 40% of cash in VBMPX"
  Assets:US:Vanguard:VBMPX                          4.888 VBMPX {98.20 USD, 2021-03-22}
  Assets:US:Vanguard:Cash                         -480.00 USD

2021-03-22 * "Investing 60% of cash in RGAGX"
  Assets:US:Vanguard:RGAGX                          4.820 RGAGX {149.36 USD, 2021-03-22}
  Assets:US:Vanguard:Cash                         -719.92 USD

2021-03-22 * "Investing 40% of cash in VBMPX"
  Assets:US:Vanguard:VBMPX                          2.444 VBMPX {98.20 USD, 2021-03-22}
  Assets:US:Vanguard:Cash                         -240.00 USD

2021-03-22 * "Investing 60% of cash in RGAGX"
  Assets:US:Vanguard:RGAGX                          2.410 RGAGX {149.36 USD, 2021-03-22}
  Assets:US:Vanguard:Cash                         -359.96 USD

2021-04-02 * "Employer match for contribution"
  Assets:US:Vanguard:Cash                          600.00 USD
  Income:US:Babble:Match401k                      -600.00 USD

2021-04-05 * "Investing 40% of cash in VBMPX"
  Assets:US:Vanguard:VBMPX                          4.858 VBMPX {98.82 USD, 2021-04-05}
  Assets:US:Vanguard:Cash                         -480.07 USD

2021-04-05 * "Investing 60% of cash in RGAGX"
  Assets:US:Vanguard:RGAGX                          4.933 RGAGX {145.98 USD, 2021-04-05}
  Assets:US:Vanguard:Cash                         -720.12 USD

2021-04-05 * "Investing 40% of cash in VBMPX"
  Assets:US:Vanguard:VBMPX                          2.428 VBMPX {98.82 USD, 2021-04-05}
  Assets:US:Vanguard:Cash                         -239.93 USD

2021-04-05 * "Investing 60% of cash in RGAGX"
  Assets:US:Vanguard:RGAGX                          2.466 RGAGX {145.98 USD, 2021-04-05}
  Assets:US:Vanguard:Cash                         -359.99 USD

2021-04-16 * "Employer match for contribution"
  Assets:US:Vanguard:Cash                          600.00 USD
  Income:US:Babble:Match401k                      -600.00 USD

2021-04-19 * "Investing 40% of cash in VBMPX"
  Assets:US:Vanguard:VBMPX                          5.037 VBMPX {95.30 USD, 2021-04-19}
  Assets:US:Vanguard:Cash                         -480.03 USD

2021-04-19 * "Investing 60% of cash in RGAGX"
  Assets:US:Vanguard:RGAGX                          4.919 RGAGX {146.38 USD, 2021-04-19}
  Assets:US:Vanguard:Cash                         -720.04 USD

2021-04-19 * "Investing 40% of cash in VBMPX"
  Assets:US:Vanguard:VBMPX                          2.518 VBMPX {95.30 USD, 2021-04-19}
  Assets:US:Vanguard:Cash                         -239.97 USD

2021-04-19 * "Investing 60% of cash in RGAGX"
  Assets:US:Vanguard:RGAGX                          2.459 RGAGX {146.38 USD, 2021-04-19}
  Assets:US:Vanguard:Cash                         -359.95 USD

2021-04-30 * "Employer match for contribution"
  Assets:US:Vanguard:Cash                          600.00 USD
  Income:US:Babble:Match401k                      -600.00 USD

2021-05-03 * "Investing 40% of cash in VBMPX"
  Assets:US:Vanguard:VBMPX                          5.065 VBMPX {94.76 USD, 2021-05-03}
  Assets:US:Vanguard:Cash                         -479.96 USD

2021-05-03 * "Investing 60% of cash in RGAGX"
  Assets:US:Vanguard:RGAGX                          4.951 RGAGX {145.43 USD, 2021-05-03}
  Assets:US:Vanguard:Cash                         -720.02 USD

2021-05-03 * "Investing 40% of cash in VBMPX"
  Assets:US:Vanguard:VBMPX                          2.533 VBMPX {94.76 USD, 2021-05-03}
  Assets:US:Vanguard:Cash                         -240.03 USD

2021-05-03 * "Investing 60% of cash in RGAGX"
  Assets:US:Vanguard:RGAGX                          2.475 RGAGX {145.43 USD, 2021-05-03}
  Assets:US:Vanguard:Cash                         -359.94 USD

2021-05-14 * "Employer match for contribution"
  Assets:US:Vanguard:Cash                          600.00 USD
  Income:US:Babble:Match401k                      -600.00 USD

2021-05-17 * "Investing 40% of cash in VBMPX"
  Assets:US:Vanguard:VBMPX                          4.999 VBMPX {96.03 USD, 2021-05-17}
  Assets:US:Vanguard:Cash                         -480.05 USD

2021-05-17 * "Investing 60% of cash in RGAGX"
  Assets:US:Vanguard:RGAGX                          4.955 RGAGX {145.30 USD, 2021-05-17}
  Assets:US:Vanguard:Cash                         -719.96 USD

2021-05-17 * "Investing 40% of cash in VBMPX"
  Assets:US:Vanguard:VBMPX                          2.499 VBMPX {96.03 USD, 2021-05-17}
  Assets:US:Vanguard:Cash                         -239.98 USD

2021-05-17 * "Investing 60% of cash in RGAGX"
  Assets:US:Vanguard:RGAGX                          2.478 RGAGX {145.30 USD, 2021-05-17}
  Assets:US:Vanguard:Cash                         -360.05 USD

2021-05-28 * "Employer match for contribution"
  Assets:US:Vanguard:Cash                          600.00 USD
  Income:US:Babble:Match401k                      -600.00 USD

2021-05-31 * "Investing 40% of cash in VBMPX"
  Assets:US:Vanguard:VBMPX                          4.943 VBMPX {97.11 USD, 2021-05-31}
  Assets:US:Vanguard:Cash                         -480.01 USD

2021-05-31 * "Investing 60% of cash in RGAGX"
  Assets:US:Vanguard:RGAGX                          4.963 RGAGX {145.06 USD, 2021-05-31}
  Assets:US:Vanguard:Cash                         -719.93 USD

2021-05-31 * "Investing 40% of cash in VBMPX"
  Assets:US:Vanguard:VBMPX                          2.472 VBMPX {97.11 USD, 2021-05-31}
  Assets:US:Vanguard:Cash                         -240.06 USD

2021-05-31 * "Investing 60% of cash in RGAGX"
  Assets:US:Vanguard:RGAGX                          2.482 RGAGX {145.06 USD, 2021-05-31}
  Assets:US:Vanguard:Cash                         -360.04 USD

2021-06-11 * "Employer match for contribution"
  Assets:US:Vanguard:Cash                          600.00 USD
  Income:US:Babble:Match401k                      -600.00 USD

2021-06-14 * "Investing 40% of cash in VBMPX"
  Assets:US:Vanguard:VBMPX                          5.051 VBMPX {95.02 USD, 2021-06-14}
  Assets:US:Vanguard:Cash                         -479.95 USD

2021-06-14 * "Investing 60% of cash in RGAGX"
  Assets:US:Vanguard:RGAGX                          4.818 RGAGX {149.42 USD, 2021-06-14}
  Assets:US:Vanguard:Cash                         -719.91 USD

2021-06-14 * "Investing 40% of cash in VBMPX"
  Assets:US:Vanguard:VBMPX                          2.526 VBMPX {95.02 USD, 2021-06-14}
  Assets:US:Vanguard:Cash                         -240.02 USD

2021-06-14 * "Investing 60% of cash in RGAGX"
  Assets:US:Vanguard:RGAGX                          2.410 RGAGX {149.42 USD, 2021-06-14}
  Assets:US:Vanguard:Cash                         -360.10 USD

2021-06-25 * "Employer match for contribution"
  Assets:US:Vanguard:Cash                          600.00 USD
  Income:US:Babble:Match401k                      -600.00 USD

2021-06-28 * "Investing 40% of cash in VBMPX"
  Assets:US:Vanguard:VBMPX                          5.008 VBMPX {95.84 USD, 2021-06-28}
  Assets:US:Vanguard:Cash                         -479.97 USD

2021-06-28 * "Investing 60% of cash in RGAGX"
  Assets:US:Vanguard:RGAGX                          4.735 RGAGX {152.04 USD, 2021-06-28}
  Assets:US:Vanguard:Cash                         -719.91 USD

2021-06-28 * "Investing 40% of cash in VBMPX"
  Assets:US:Vanguard:VBMPX                          2.505 VBMPX {95.84 USD, 2021-06-28}
  Assets:US:Vanguard:Cash                         -240.08 USD

2021-06-28 * "Investing 60% of cash in RGAGX"
  Assets:US:Vanguard:RGAGX                          2.368 RGAGX {152.04 USD, 2021-06-28}
  Assets:US:Vanguard:Cash                         -360.03 USD

2021-07-09 * "Employer match for contribution"
  Assets:US:Vanguard:Cash                          600.00 USD
  Income:US:Babble:Match401k                      -600.00 USD

2021-07-12 * "Investing 40% of cash in VBMPX"
  Assets:US:Vanguard:VBMPX                          5.100 VBMPX {94.11 USD, 2021-07-12}
  Assets:US:Vanguard:Cash                         -479.96 USD

2021-07-12 * "Investing 60% of cash in RGAGX"
  Assets:US:Vanguard:RGAGX                          4.761 RGAGX {151.22 USD, 2021-07-12}
  Assets:US:Vanguard:Cash                         -719.96 USD

2021-07-12 * "Investing 40% of cash in VBMPX"
  Assets:US:Vanguard:VBMPX                          2.550 VBMPX {94.11 USD, 2021-07-12}
  Assets:US:Vanguard:Cash                         -239.98 USD

2021-07-12 * "Investing 60% of cash in RGAGX"
  Assets:US:Vanguard:RGAGX                          2.381 RGAGX {151.22 USD, 2021-07-12}
  Assets:US:Vanguard:Cash                         -360.05 USD

2021-07-23 * "Employer match for contribution"
  Assets:US:Vanguard:Cash                          600.00 USD
  Income:US:Babble:Match401k                      -600.00 USD

2021-07-26 * "Investing 40% of cash in VBMPX"
  Assets:US:Vanguard:VBMPX                          5.272 VBMPX {91.05 USD, 2021-07-26}
  Assets:US:Vanguard:Cash                         -480.02 USD

2021-07-26 * "Investing 60% of cash in RGAGX"
  Assets:US:Vanguard:RGAGX                          4.732 RGAGX {152.15 USD, 2021-07-26}
  Assets:US:Vanguard:Cash                         -719.97 USD

2021-07-26 * "Investing 40% of cash in VBMPX"
  Assets:US:Vanguard:VBMPX                          2.636 VBMPX {91.05 USD, 2021-07-26}
  Assets:US:Vanguard:Cash                         -240.01 USD

2021-07-26 * "Investing 60% of cash in RGAGX"
  Assets:US:Vanguard:RGAGX                          2.366 RGAGX {152.15 USD, 2021-07-26}
  Assets:US:Vanguard:Cash                         -359.99 USD

2021-08-06 * "Employer match for contribution"
  Assets:US:Vanguard:Cash                          250.00 USD
  Income:US:Babble:Match401k                      -250.00 USD

2021-08-09 * "Investing 40% of cash in VBMPX"
  Assets:US:Vanguard:VBMPX                          2.095 VBMPX {95.47 USD, 2021-08-09}
  Assets:US:Vanguard:Cash                         -200.01 USD

2021-08-09 * "Investing 60% of cash in RGAGX"
  Assets:US:Vanguard:RGAGX                          2.075 RGAGX {144.62 USD, 2021-08-09}
  Assets:US:Vanguard:Cash                         -300.09 USD

2021-08-09 * "Investing 40% of cash in VBMPX"
  Assets:US:Vanguard:VBMPX                          1.047 VBMPX {95.47 USD, 2021-08-09}
  Assets:US:Vanguard:Cash                          -99.96 USD

2021-08-09 * "Investing 60% of cash in RGAGX"
  Assets:US:Vanguard:RGAGX                          1.037 RGAGX {144.62 USD, 2021-08-09}
  Assets:US:Vanguard:Cash                         -149.97 USD

2022-01-07 * "Employer match for contribution"
  Assets:US:Vanguard:Cash                          600.00 USD
  Income:US:Babble:Match401k                      -600.00 USD

2022-01-10 * "Investing 40% of cash in VBMPX"
  Assets:US:Vanguard:VBMPX                          5.005 VBMPX {95.90 USD, 2022-01-10}
  Assets:US:Vanguard:Cash                         -479.98 USD

2022-01-10 * "Investing 60% of cash in RGAGX"
  Assets:US:Vanguard:RGAGX                          4.733 RGAGX {152.14 USD, 2022-01-10}
  Assets:US:Vanguard:Cash                         -720.08 USD

2022-01-10 * "Investing 40% of cash in VBMPX"
  Assets:US:Vanguard:VBMPX                          2.502 VBMPX {95.90 USD, 2022-01-10}
  Assets:US:Vanguard:Cash                         -239.94 USD

2022-01-10 * "Investing 60% of cash in RGAGX"
  Assets:US:Vanguard:RGAGX                          2.366 RGAGX {152.14 USD, 2022-01-10}
  Assets:US:Vanguard:Cash                         -359.96 USD

2022-01-21 * "Employer match for contribution"
  Assets:US:Vanguard:Cash                          600.00 USD
  Income:US:Babble:Match401k                      -600.00 USD

2022-01-24 * "Investing 40% of cash in VBMPX"
  Assets:US:Vanguard:VBMPX                          4.953 VBMPX {96.91 USD, 2022-01-24}
  Assets:US:Vanguard:Cash                         -480.00 USD

2022-01-24 * "Investing 60% of cash in RGAGX"
  Assets:US:Vanguard:RGAGX                          4.713 RGAGX {152.79 USD, 2022-01-24}
  Assets:US:Vanguard:Cash                         -720.10 USD

2022-01-24 * "Investing 40% of cash in VBMPX"
  Assets:US:Vanguard:VBMPX                          2.476 VBMPX {96.91 USD, 2022-01-24}
  Assets:US:Vanguard:Cash                         -239.95 USD

2022-01-24 * "Investing 60% of cash in RGAGX"
  Assets:US:Vanguard:RGAGX                          2.356 RGAGX {152.79 USD, 2022-01-24}
  Assets:US:Vanguard:Cash                         -359.97 USD

2022-02-04 * "Employer match for contribution"
  Assets:US:Vanguard:Cash                          600.00 USD
  Income:US:Babble:Match401k                      -600.00 USD

2022-02-07 * "Investing 40% of cash in VBMPX"
  Assets:US:Vanguard:VBMPX                          4.980 VBMPX {96.38 USD, 2022-02-07}
  Assets:US:Vanguard:Cash                         -479.97 USD

2022-02-07 * "Investing 60% of cash in RGAGX"
  Assets:US:Vanguard:RGAGX                          4.867 RGAGX {147.93 USD, 2022-02-07}
  Assets:US:Vanguard:Cash                         -719.98 USD

2022-02-07 * "Investing 40% of cash in VBMPX"
  Assets:US:Vanguard:VBMPX                          2.490 VBMPX {96.38 USD, 2022-02-07}
  Assets:US:Vanguard:Cash                         -239.99 USD

2022-02-07 * "Investing 60% of cash in RGAGX"
  Assets:US:Vanguard:RGAGX                          2.434 RGAGX {147.93 USD, 2022-02-07}
  Assets:US:Vanguard:Cash                         -360.06 USD

2022-02-18 * "Employer match for contribution"
  Assets:US:Vanguard:Cash                          600.00 USD
  Income:US:Babble:Match401k                      -600.00 USD

2022-02-21 * "Investing 40% of cash in VBMPX"
  Assets:US:Vanguard:VBMPX                          5.022 VBMPX {95.59 USD, 2022-02-21}
  Assets:US:Vanguard:Cash                         -480.05 USD

2022-02-21 * "Investing 60% of cash in RGAGX"
  Assets:US:Vanguard:RGAGX                          4.782 RGAGX {150.56 USD, 2022-02-21}
  Assets:US:Vanguard:Cash                         -719.98 USD

2022-02-21 * "Investing 40% of cash in VBMPX"
  Assets:US:Vanguard:VBMPX                          2.511 VBMPX {95.59 USD, 2022-02-21}
  Assets:US:Vanguard:Cash                         -240.03 USD

2022-02-21 * "Investing 60% of cash in RGAGX"
  Assets:US:Vanguard:RGAGX                          2.391 RGAGX {150.56 USD, 2022-02-21}
  Assets:US:Vanguard:Cash                         -359.99 USD

2022-03-04 * "Employer match for contribution"
  Assets:US:Vanguard:Cash                          600.00 USD
  Income:US:Babble:Match401k                      -600.00 USD

2022-03-07 * "Investing 40% of cash in VBMPX"
  Assets:US:Vanguard:VBMPX                          5.047 VBMPX {95.11 USD, 2022-03-07}
  Assets:US:Vanguard:Cash                         -480.02 USD

2022-03-07 * "Investing 60% of cash in RGAGX"
  Assets:US:Vanguard:RGAGX                          4.898 RGAGX {146.99 USD, 2022-03-07}
  Assets:US:Vanguard:Cash                         -719.96 USD

2022-03-07 * "Investing 40% of cash in VBMPX"
  Assets:US:Vanguard:VBMPX                          2.523 VBMPX {95.11 USD, 2022-03-07}
  Assets:US:Vanguard:Cash                         -239.96 USD

2022-03-07 * "Investing 60% of cash in RGAGX"
  Assets:US:Vanguard:RGAGX                          2.449 RGAGX {146.99 USD, 2022-03-07}
  Assets:US:Vanguard:Cash                         -359.98 USD

2022-03-18 * "Employer match for contribution"
  Assets:US:Vanguard:Cash                          600.00 USD
  Income:US:Babble:Match401k                      -600.00 USD

2022-03-21 * "Investing 40% of cash in VBMPX"
  Assets:US:Vanguard:VBMPX                          5.023 VBMPX {95.57 USD, 2022-03-21}
  Assets:US:Vanguard:Cash                         -480.05 USD

2022-03-21 * "Investing 60% of cash in RGAGX"
  Assets:US:Vanguard:RGAGX                          5.043 RGAGX {142.79 USD, 2022-03-21}
  Assets:US:Vanguard:Cash                         -720.09 USD

2022-03-21 * "Investing 40% of cash in VBMPX"
  Assets:US:Vanguard:VBMPX                          2.511 VBMPX {95.57 USD, 2022-03-21}
  Assets:US:Vanguard:Cash                         -239.98 USD

2022-03-21 * "Investing 60% of cash in RGAGX"
  Assets:US:Vanguard:RGAGX                          2.521 RGAGX {142.79 USD, 2022-03-21}
  Assets:US:Vanguard:Cash                         -359.97 USD

2022-04-01 * "Employer match for contribution"
  Assets:US:Vanguard:Cash                          600.00 USD
  Income:US:Babble:Match401k                      -600.00 USD

2022-04-04 * "Investing 40% of cash in VBMPX"
  Assets:US:Vanguard:VBMPX                          4.891 VBMPX {98.14 USD, 2022-04-04}
  Assets:US:Vanguard:Cash                         -480.00 USD

2022-04-04 * "Investing 60% of cash in RGAGX"
  Assets:US:Vanguard:RGAGX                          5.044 RGAGX {142.75 USD, 2022-04-04}
  Assets:US:Vanguard:Cash                         -720.03 USD

2022-04-04 * "Investing 40% of cash in VBMPX"
  Assets:US:Vanguard:VBMPX                          2.445 VBMPX {98.14 USD, 2022-04-04}
  Assets:US:Vanguard:Cash                         -239.95 USD

2022-04-04 * "Investing 60% of cash in RGAGX"
  Assets:US:Vanguard:RGAGX                          2.522 RGAGX {142.75 USD, 2022-04-04}
  Assets:US:Vanguard:Cash                         -360.02 USD

2022-04-15 * "Employer match for contribution"
  Assets:US:Vanguard:Cash                          600.00 USD
  Income:US:Babble:Match401k                      -600.00 USD

2022-04-18 * "Investing 40% of cash in VBMPX"
  Assets:US:Vanguard:VBMPX                          4.813 VBMPX {99.73 USD, 2022-04-18}
  Assets:US:Vanguard:Cash                         -480.00 USD

2022-04-18 * "Investing 60% of cash in RGAGX"
  Assets:US:Vanguard:RGAGX                          4.960 RGAGX {145.16 USD, 2022-04-18}
  Assets:US:Vanguard:Cash                         -719.99 USD

2022-04-18 * "Investing 40% of cash in VBMPX"
  Assets:US:Vanguard:VBMPX                          2.406 VBMPX {99.73 USD, 2022-04-18}
  Assets:US:Vanguard:Cash                         -239.95 USD

2022-04-18 * "Investing 60% of cash in RGAGX"
  Assets:US:Vanguard:RGAGX                          2.480 RGAGX {145.16 USD, 2022-04-18}
  Assets:US:Vanguard:Cash                         -360.00 USD

2022-04-29 * "Employer match for contribution"
  Assets:US:Vanguard:Cash                          600.00 USD
  Income:US:Babble:Match401k                      -600.00 USD

2022-05-02 * "Investing 40% of cash in VBMPX"
  Assets:US:Vanguard:VBMPX                          4.842 VBMPX {99.13 USD, 2022-05-02}
  Assets:US:Vanguard:Cash                         -479.99 USD

2022-05-02 * "Investing 60% of cash in RGAGX"
  Assets:US:Vanguard:RGAGX                          4.951 RGAGX {145.42 USD, 2022-05-02}
  Assets:US:Vanguard:Cash                         -719.97 USD

2022-05-02 * "Investing 40% of cash in VBMPX"
  Assets:US:Vanguard:VBMPX                          2.421 VBMPX {99.13 USD, 2022-05-02}
  Assets:US:Vanguard:Cash                         -239.99 USD

2022-05-02 * "Investing 60% of cash in RGAGX"
  Assets:US:Vanguard:RGAGX                          2.476 RGAGX {145.42 USD, 2022-05-02}
  Assets:US:Vanguard:Cash                         -360.06 USD

2022-05-13 * "Employer match for contribution"
  Assets:US:Vanguard:Cash                          600.00 USD
  Income:US:Babble:Match401k                      -600.00 USD

2022-05-16 * "Investing 40% of cash in VBMPX"
  Assets:US:Vanguard:VBMPX                          5.031 VBMPX {95.41 USD, 2022-05-16}
  Assets:US:Vanguard:Cash                         -480.01 USD

2022-05-16 * "Investing 60% of cash in RGAGX"
  Assets:US:Vanguard:RGAGX                          4.970 RGAGX {144.87 USD, 2022-05-16}
  Assets:US:Vanguard:Cash                         -720.00 USD

2022-05-16 * "Investing 40% of cash in VBMPX"
  Assets:US:Vanguard:VBMPX                          2.516 VBMPX {95.41 USD, 2022-05-16}
  Assets:US:Vanguard:Cash                         -240.05 USD

2022-05-16 * "Investing 60% of cash in RGAGX"
  Assets:US:Vanguard:RGAGX                          2.485 RGAGX {144.87 USD, 2022-05-16}
  Assets:US:Vanguard:Cash                         -360.00 USD

2022-05-27 * "Employer match for contribution"
  Assets:US:Vanguard:Cash                          600.00 USD
  Income:US:Babble:Match401k                      -600.00 USD

2022-05-30 * "Investing 40% of cash in VBMPX"
  Assets:US:Vanguard:VBMPX                          4.941 VBMPX {97.14 USD, 2022-05-30}
  Assets:US:Vanguard:Cash                         -479.97 USD

2022-05-30 * "Investing 60% of cash in RGAGX"
  Assets:US:Vanguard:RGAGX                          4.919 RGAGX {146.37 USD, 2022-05-30}
  Assets:US:Vanguard:Cash                         -719.99 USD

2022-05-30 * "Investing 40% of cash in VBMPX"
  Assets:US:Vanguard:VBMPX                          2.471 VBMPX {97.14 USD, 2022-05-30}
  Assets:US:Vanguard:Cash                         -240.03 USD

2022-05-30 * "Investing 60% of cash in RGAGX"
  Assets:US:Vanguard:RGAGX                          2.460 RGAGX {146.37 USD, 2022-05-30}
  Assets:US:Vanguard:Cash                         -360.07 USD

2022-06-10 * "Employer match for contribution"
  Assets:US:Vanguard:Cash                          600.00 USD
  Income:US:Babble:Match401k                      -600.00 USD

2022-06-13 * "Investing 40% of cash in VBMPX"
  Assets:US:Vanguard:VBMPX                          5.060 VBMPX {94.85 USD, 2022-06-13}
  Assets:US:Vanguard:Cash                         -479.94 USD

2022-06-13 * "Investing 60% of cash in RGAGX"
  Assets:US:Vanguard:RGAGX                          4.703 RGAGX {153.07 USD, 2022-06-13}
  Assets:US:Vanguard:Cash                         -719.89 USD

2022-06-13 * "Investing 40% of cash in VBMPX"
  Assets:US:Vanguard:VBMPX                          2.531 VBMPX {94.85 USD, 2022-06-13}
  Assets:US:Vanguard:Cash                         -240.07 USD

2022-06-13 * "Investing 60% of cash in RGAGX"
  Assets:US:Vanguard:RGAGX                          2.352 RGAGX {153.07 USD, 2022-06-13}
  Assets:US:Vanguard:Cash                         -360.02 USD

2022-06-24 * "Employer match for contribution"
  Assets:US:Vanguard:Cash                          600.00 USD
  Income:US:Babble:Match401k                      -600.00 USD

2022-06-27 * "Investing 40% of cash in VBMPX"
  Assets:US:Vanguard:VBMPX                          5.160 VBMPX {93.02 USD, 2022-06-27}
  Assets:US:Vanguard:Cash                         -479.98 USD

2022-06-27 * "Investing 60% of cash in RGAGX"
  Assets:US:Vanguard:RGAGX                          4.726 RGAGX {152.35 USD, 2022-06-27}
  Assets:US:Vanguard:Cash                         -720.01 USD

2022-06-27 * "Investing 40% of cash in VBMPX"
  Assets:US:Vanguard:VBMPX                          2.580 VBMPX {93.02 USD, 2022-06-27}
  Assets:US:Vanguard:Cash                         -239.99 USD

2022-06-27 * "Investing 60% of cash in RGAGX"
  Assets:US:Vanguard:RGAGX                          2.363 RGAGX {152.35 USD, 2022-06-27}
  Assets:US:Vanguard:Cash                         -360.00 USD

2022-07-08 * "Employer match for contribution"
  Assets:US:Vanguard:Cash                          600.00 USD
  Income:US:Babble:Match401k                      -600.00 USD

2022-07-11 * "Investing 40% of cash in VBMPX"
  Assets:US:Vanguard:VBMPX                          5.297 VBMPX {90.61 USD, 2022-07-11}
  Assets:US:Vanguard:Cash                         -479.96 USD

2022-07-11 * "Investing 60% of cash in RGAGX"
  Assets:US:Vanguard:RGAGX                          4.796 RGAGX {150.11 USD, 2022-07-11}
  Assets:US:Vanguard:Cash                         -719.93 USD

2022-07-11 * "Investing 40% of cash in VBMPX"
  Assets:US:Vanguard:VBMPX                          2.649 VBMPX {90.61 USD, 2022-07-11}
  Assets:US:Vanguard:Cash                         -240.03 USD

2022-07-11 * "Investing 60% of cash in RGAGX"
  Assets:US:Vanguard:RGAGX                          2.399 RGAGX {150.11 USD, 2022-07-11}
  Assets:US:Vanguard:Cash                         -360.11 USD

2022-07-22 * "Employer match for contribution"
  Assets:US:Vanguard:Cash                          600.00 USD
  Income:US:Babble:Match401k                      -600.00 USD

2022-07-25 * "Investing 40% of cash in VBMPX"
  Assets:US:Vanguard:VBMPX                          5.290 VBMPX {90.73 USD, 2022-07-25}
  Assets:US:Vanguard:Cash                         -479.96 USD

2022-07-25 * "Investing 60% of cash in RGAGX"
  Assets:US:Vanguard:RGAGX                          4.807 RGAGX {149.78 USD, 2022-07-25}
  Assets:US:Vanguard:Cash                         -719.99 USD

2022-07-25 * "Investing 40% of cash in VBMPX"
  Assets:US:Vanguard:VBMPX                          2.645 VBMPX {90.73 USD, 2022-07-25}
  Assets:US:Vanguard:Cash                         -239.98 USD

2022-07-25 * "Investing 60% of cash in RGAGX"
  Assets:US:Vanguard:RGAGX                          2.404 RGAGX {149.78 USD, 2022-07-25}
  Assets:US:Vanguard:Cash                         -360.07 USD

2022-08-05 * "Employer match for contribution"
  Assets:US:Vanguard:Cash                          250.00 USD
  Income:US:Babble:Match401k                      -250.00 USD

2022-08-08 * "Investing 40% of cash in VBMPX"
  Assets:US:Vanguard:VBMPX                          2.203 VBMPX {90.80 USD, 2022-08-08}
  Assets:US:Vanguard:Cash                         -200.03 USD

2022-08-08 * "Investing 60% of cash in RGAGX"
  Assets:US:Vanguard:RGAGX                          1.974 RGAGX {151.97 USD, 2022-08-08}
  Assets:US:Vanguard:Cash                         -299.99 USD

2022-08-08 * "Investing 40% of cash in VBMPX"
  Assets:US:Vanguard:VBMPX                          1.101 VBMPX {90.80 USD, 2022-08-08}
  Assets:US:Vanguard:Cash                          -99.97 USD

2022-08-08 * "Investing 60% of cash in RGAGX"
  Assets:US:Vanguard:RGAGX                          0.987 RGAGX {151.97 USD, 2022-08-08}
  Assets:US:Vanguard:Cash                         -149.99 USD

2023-01-06 * "Employer match for contribution"
  Assets:US:Vanguard:Cash                          600.00 USD
  Income:US:Babble:Match401k                      -600.00 USD

2023-01-09 * "Investing 40% of cash in VBMPX"
  Assets:US:Vanguard:VBMPX                          5.662 VBMPX {84.77 USD, 2023-01-09}
  Assets:US:Vanguard:Cash                         -479.97 USD

2023-01-09 * "Investing 60% of cash in RGAGX"
  Assets:US:Vanguard:RGAGX                          4.359 RGAGX {165.19 USD, 2023-01-09}
  Assets:US:Vanguard:Cash                         -720.06 USD

2023-01-09 * "Investing 40% of cash in VBMPX"
  Assets:US:Vanguard:VBMPX                          2.831 VBMPX {84.77 USD, 2023-01-09}
  Assets:US:Vanguard:Cash                         -239.98 USD

2023-01-09 * "Investing 60% of cash in RGAGX"
  Assets:US:Vanguard:RGAGX                          2.179 RGAGX {165.19 USD, 2023-01-09}
  Assets:US:Vanguard:Cash                         -359.95 USD

2023-01-20 * "Employer match for contribution"
  Assets:US:Vanguard:Cash                          600.00 USD
  Income:US:Babble:Match401k                      -600.00 USD

2023-01-23 * "Investing 40% of cash in VBMPX"
  Assets:US:Vanguard:VBMPX                          5.702 VBMPX {84.19 USD, 2023-01-23}
  Assets:US:Vanguard:Cash                         -480.05 USD

2023-01-23 * "Investing 60% of cash in RGAGX"
  Assets:US:Vanguard:RGAGX                          4.277 RGAGX {168.33 USD, 2023-01-23}
  Assets:US:Vanguard:Cash                         -719.95 USD

2023-01-23 * "Investing 40% of cash in VBMPX"
  Assets:US:Vanguard:VBMPX                          2.851 VBMPX {84.19 USD, 2023-01-23}
  Assets:US:Vanguard:Cash                         -240.03 USD

2023-01-23 * "Investing 60% of cash in RGAGX"
  Assets:US:Vanguard:RGAGX                          2.139 RGAGX {168.33 USD, 2023-01-23}
  Assets:US:Vanguard:Cash                         -360.06 USD

2023-02-03 * "Employer match for contribution"
  Assets:US:Vanguard:Cash                          600.00 USD
  Income:US:Babble:Match401k                      -600.00 USD

2023-02-06 * "Investing 40% of cash in VBMPX"
  Assets:US:Vanguard:VBMPX                          5.710 VBMPX {84.06 USD, 2023-02-06}
  Assets:US:Vanguard:Cash                         -479.98 USD

2023-02-06 * "Investing 60% of cash in RGAGX"
  Assets:US:Vanguard:RGAGX                          4.233 RGAGX {170.08 USD, 2023-02-06}
  Assets:US:Vanguard:Cash                         -719.95 USD

2023-02-06 * "Investing 40% of cash in VBMPX"
  Assets:US:Vanguard:VBMPX                          2.855 VBMPX {84.06 USD, 2023-02-06}
  Assets:US:Vanguard:Cash                         -239.99 USD

2023-02-06 * "Investing 60% of cash in RGAGX"
  Assets:US:Vanguard:RGAGX                          2.117 RGAGX {170.08 USD, 2023-02-06}
  Assets:US:Vanguard:Cash                         -360.06 USD

2023-02-17 * "Employer match for contribution"
  Assets:US:Vanguard:Cash                          600.00 USD
  Income:US:Babble:Match401k                      -600.00 USD

2023-02-20 * "Investing 40% of cash in VBMPX"
  Assets:US:Vanguard:VBMPX                          5.680 VBMPX {84.51 USD, 2023-02-20}
  Assets:US:Vanguard:Cash                         -480.02 USD

2023-02-20 * "Investing 60% of cash in RGAGX"
  Assets:US:Vanguard:RGAGX                          4.134 RGAGX {174.17 USD, 2023-02-20}
  Assets:US:Vanguard:Cash                         -720.02 USD

2023-02-20 * "Investing 40% of cash in VBMPX"
  Assets:US:Vanguard:VBMPX                          2.840 VBMPX {84.51 USD, 2023-02-20}
  Assets:US:Vanguard:Cash                         -240.01 USD

2023-02-20 * "Investing 60% of cash in RGAGX"
  Assets:US:Vanguard:RGAGX                          2.067 RGAGX {174.17 USD, 2023-02-20}
  Assets:US:Vanguard:Cash                         -360.01 USD

2023-03-03 * "Employer match for contribution"
  Assets:US:Vanguard:Cash                          600.00 USD
  Income:US:Babble:Match401k                      -600.00 USD

2023-03-06 * "Investing 40% of cash in VBMPX"
  Assets:US:Vanguard:VBMPX                          5.767 VBMPX {83.23 USD, 2023-03-06}
  Assets:US:Vanguard:Cash                         -479.99 USD

2023-03-06 * "Investing 60% of cash in RGAGX"
  Assets:US:Vanguard:RGAGX                          4.124 RGAGX {174.56 USD, 2023-03-06}
  Assets:US:Vanguard:Cash                         -719.89 USD

2023-03-06 * "Investing 40% of cash in VBMPX"
  Assets:US:Vanguard:VBMPX                          2.884 VBMPX {83.23 USD, 2023-03-06}
  Assets:US:Vanguard:Cash                         -240.04 USD

2023-03-06 * "Investing 60% of cash in RGAGX"
  Assets:US:Vanguard:RGAGX                          2.062 RGAGX {174.56 USD, 2023-03-06}
  Assets:US:Vanguard:Cash                         -359.94 USD

2023-03-17 * "Employer match for contribution"
  Assets:US:Vanguard:Cash                          600.00 USD
  Income:US:Babble:Match401k                      -600.00 USD

2023-03-20 * "Investing 40% of cash in VBMPX"
  Assets:US:Vanguard:VBMPX                          5.751 VBMPX {83.47 USD, 2023-03-20}
  Assets:US:Vanguard:Cash                         -480.04 USD

2023-03-20 * "Investing 60% of cash in RGAGX"
  Assets:US:Vanguard:RGAGX                          4.118 RGAGX {174.85 USD, 2023-03-20}
  Assets:US:Vanguard:Cash                         -720.03 USD

2023-03-20 * "Investing 40% of cash in VBMPX"
  Assets:US:Vanguard:VBMPX                          2.875 VBMPX {83.47 USD, 2023-03-20}
  Assets:US:Vanguard:Cash                         -239.98 USD

2023-03-20 * "Investing 60% of cash in RGAGX"
  Assets:US:Vanguard:RGAGX                          2.059 RGAGX {174.85 USD, 2023-03-20}
  Assets:US:Vanguard:Cash                         -360.02 USD

2023-03-31 * "Employer match for contribution"
  Assets:US:Vanguard:Cash                          600.00 USD
  Income:US:Babble:Match401k                      -600.00 USD

2023-04-03 * "Investing 40% of cash in VBMPX"
  Assets:US:Vanguard:VBMPX                          5.910 VBMPX {81.21 USD, 2023-04-03}
  Assets:US:Vanguard:Cash                         -479.95 USD

2023-04-03 * "Investing 60% of cash in RGAGX"
  Assets:US:Vanguard:RGAGX                          4.187 RGAGX {171.97 USD, 2023-04-03}
  Assets:US:Vanguard:Cash                         -720.04 USD

2023-04-03 * "Investing 40% of cash in VBMPX"
  Assets:US:Vanguard:VBMPX                          2.955 VBMPX {81.21 USD, 2023-04-03}
  Assets:US:Vanguard:Cash                         -239.98 USD

2023-04-03 * "Investing 60% of cash in RGAGX"
  Assets:US:Vanguard:RGAGX                          2.093 RGAGX {171.97 USD, 2023-04-03}
  Assets:US:Vanguard:Cash                         -359.93 USD

2023-04-14 * "Employer match for contribution"
  Assets:US:Vanguard:Cash                          600.00 USD
  Income:US:Babble:Match401k                      -600.00 USD

2023-04-17 * "Investing 40% of cash in VBMPX"
  Assets:US:Vanguard:VBMPX                          5.848 VBMPX {82.09 USD, 2023-04-17}
  Assets:US:Vanguard:Cash                         -480.06 USD

2023-04-17 * "Investing 60% of cash in RGAGX"
  Assets:US:Vanguard:RGAGX                          4.117 RGAGX {174.88 USD, 2023-04-17}
  Assets:US:Vanguard:Cash                         -719.98 USD

2023-04-17 * "Investing 40% of cash in VBMPX"
  Assets:US:Vanguard:VBMPX                          2.924 VBMPX {82.09 USD, 2023-04-17}
  Assets:US:Vanguard:Cash                         -240.03 USD

2023-04-17 * "Investing 60% of cash in RGAGX"
  Assets:US:Vanguard:RGAGX                          2.059 RGAGX {174.88 USD, 2023-04-17}
  Assets:US:Vanguard:Cash                         -360.08 USD

2023-04-28 * "Employer match for contribution"
  Assets:US:Vanguard:Cash                          600.00 USD
  Income:US:Babble:Match401k                      -600.00 USD

2023-05-01 * "Investing 40% of cash in VBMPX"
  Assets:US:Vanguard:VBMPX                          5.906 VBMPX {81.27 USD, 2023-05-01}
  Assets:US:Vanguard:Cash                         -479.98 USD

2023-05-01 * "Investing 60% of cash in RGAGX"
  Assets:US:Vanguard:RGAGX                          4.033 RGAGX {178.53 USD, 2023-05-01}
  Assets:US:Vanguard:Cash                         -720.01 USD

2023-05-01 * "Investing 40% of cash in VBMPX"
  Assets:US:Vanguard:VBMPX                          2.953 VBMPX {81.27 USD, 2023-05-01}
  Assets:US:Vanguard:Cash                         -239.99 USD

2023-05-01 * "Investing 60% of cash in RGAGX"
  Assets:US:Vanguard:RGAGX                          2.016 RGAGX {178.53 USD, 2023-05-01}
  Assets:US:Vanguard:Cash                         -359.92 USD

2023-05-12 * "Employer match for contribution"
  Assets:US:Vanguard:Cash                          600.00 USD
  Income:US:Babble:Match401k                      -600.00 USD

2023-05-15 * "Investing 40% of cash in VBMPX"
  Assets:US:Vanguard:VBMPX                          6.061 VBMPX {79.19 USD, 2023-05-15}
  Assets:US:Vanguard:Cash                         -479.97 USD

2023-05-15 * "Investing 60% of cash in RGAGX"
  Assets:US:Vanguard:RGAGX                          3.995 RGAGX {180.21 USD, 2023-05-15}
  Assets:US:Vanguard:Cash                         -719.94 USD

2023-05-15 * "Investing 40% of cash in VBMPX"
  Assets:US:Vanguard:VBMPX                          3.031 VBMPX {79.19 USD, 2023-05-15}
  Assets:US:Vanguard:Cash                         -240.02 USD

2023-05-15 * "Investing 60% of cash in RGAGX"
  Assets:US:Vanguard:RGAGX                          1.998 RGAGX {180.21 USD, 2023-05-15}
  Assets:US:Vanguard:Cash                         -360.06 USD

2023-05-26 * "Employer match for contribution"
  Assets:US:Vanguard:Cash                          600.00 USD
  Income:US:Babble:Match401k                      -600.00 USD

2023-05-29 * "Investing 40% of cash in VBMPX"
  Assets:US:Vanguard:VBMPX                          6.096 VBMPX {78.74 USD, 2023-05-29}
  Assets:US:Vanguard:Cash                         -480.00 USD

2023-05-29 * "Investing 60% of cash in RGAGX"
  Assets:US:Vanguard:RGAGX                          4.078 RGAGX {176.55 USD, 2023-05-29}
  Assets:US:Vanguard:Cash                         -719.97 USD

2023-05-29 * "Investing 40% of cash in VBMPX"
  Assets:US:Vanguard:VBMPX                          3.048 VBMPX {78.74 USD, 2023-05-29}
  Assets:US:Vanguard:Cash                         -240.00 USD

2023-05-29 * "Investing 60% of cash in RGAGX"
  Assets:US:Vanguard:RGAGX                          2.039 RGAGX {176.55 USD, 2023-05-29}
  Assets:US:Vanguard:Cash                         -359.99 USD

2023-06-09 * "Employer match for contribution"
  Assets:US:Vanguard:Cash                          600.00 USD
  Income:US:Babble:Match401k                      -600.00 USD

2023-06-12 * "Investing 40% of cash in VBMPX"
  Assets:US:Vanguard:VBMPX                          6.156 VBMPX {77.98 USD, 2023-06-12}
  Assets:US:Vanguard:Cash                         -480.04 USD

2023-06-12 * "Investing 60% of cash in RGAGX"
  Assets:US:Vanguard:RGAGX                          4.110 RGAGX {175.18 USD, 2023-06-12}
  Assets:US:Vanguard:Cash                         -719.99 USD

2023-06-12 * "Investing 40% of cash in VBMPX"
  Assets:US:Vanguard:VBMPX                          3.078 VBMPX {77.98 USD, 2023-06-12}
  Assets:US:Vanguard:Cash                         -240.02 USD

2023-06-12 * "Investing 60% of cash in RGAGX"
  Assets:US:Vanguard:RGAGX                          2.055 RGAGX {175.18 USD, 2023-06-12}
  Assets:US:Vanguard:Cash                         -359.99 USD

2023-06-23 * "Employer match for contribution"
  Assets:US:Vanguard:Cash                          600.00 USD
  Income:US:Babble:Match401k                      -600.00 USD

2023-06-26 * "Investing 40% of cash in VBMPX"
  Assets:US:Vanguard:VBMPX                          6.109 VBMPX {78.58 USD, 2023-06-26}
  Assets:US:Vanguard:Cash                         -480.05 USD

2023-06-26 * "Investing 60% of cash in RGAGX"
  Assets:US:Vanguard:RGAGX                          4.134 RGAGX {174.17 USD, 2023-06-26}
  Assets:US:Vanguard:Cash                         -720.02 USD

2023-06-26 * "Investing 40% of cash in VBMPX"
  Assets:US:Vanguard:VBMPX                          3.054 VBMPX {78.58 USD, 2023-06-26}
  Assets:US:Vanguard:Cash                         -239.98 USD

2023-06-26 * "Investing 60% of cash in RGAGX"
  Assets:US:Vanguard:RGAGX                          2.067 RGAGX {174.17 USD, 2023-06-26}
  Assets:US:Vanguard:Cash                         -360.01 USD



* Sources of Income

2021-01-01 open Income:US:Babble:Salary                      USD
2021-01-01 open Income:US:Babble:GroupTermLife               USD
2021-01-01 open Income:US:Babble:Vacation                    VACHR
2021-01-01 open Assets:US:Babble:Vacation                    VACHR
2021-01-01 open Expenses:Vacation                               VACHR
2021-01-01 open Expenses:Health:Life:GroupTermLife
2021-01-01 open Expenses:Health:Medical:Insurance
2021-01-01 open Expenses:Health:Dental:Insurance
2021-01-01 open Expenses:Health:Vision:Insurance

2021-01-01 event "employer" "Babble, 1 Continuous Loop, Bupertina, CA"

2021-01-07 * "Babble" "Payroll"
  Assets:US:BofA:Checking                         1350.60 USD
  Assets:US:Vanguard:Cash                         1200.00 USD
  Income:US:Babble:Salary                        -4615.38 USD
  Income:US:Babble:GroupTermLife                   -24.32 USD
  Expenses:Health:Life:GroupTermLife                24.32 USD
  Expenses:Health:Dental:Insurance                   2.90 USD
  Expenses:Health:Medical:Insurance                 27.38 USD
  Expenses:Health:Vision:Insurance                  42.30 USD
  Expenses:Taxes:Y2021:US:Medicare                 106.62 USD
  Expenses:Taxes:Y2021:US:Federal                 1062.92 USD
  Expenses:Taxes:Y2021:US:State                    365.08 USD
  Expenses:Taxes:Y2021:US:CityNYC                  174.92 USD
  Expenses:Taxes:Y2021:US:SDI                        1.12 USD
  Expenses:Taxes:Y2021:US:SocSec                   281.54 USD
  Assets:US:Federal:PreTax401k                   -1200.00 IRAUSD
  Expenses:Taxes:Y2021:US:Federal:PreTax401k      1200.00 IRAUSD
  Assets:US:Babble:Vacation                             5 VACHR
  Income:US:Babble:Vacation                            -5 VACHR

2021-01-21 * "Babble" "Payroll"
  Assets:US:BofA:Checking                         1350.60 USD
  Assets:US:Vanguard:Cash                         1200.00 USD
  Income:US:Babble:Salary                        -4615.38 USD
  Income:US:Babble:GroupTermLife                   -24.32 USD
  Expenses:Health:Life:GroupTermLife                24.32 USD
  Expenses:Health:Dental:Insurance                   2.90 USD
  Expenses:Health:Medical:Insurance                 27.38 USD
  Expenses:Health:Vision:Insurance                  42.30 USD
  Expenses:Taxes:Y2021:US:Medicare                 106.62 USD
  Expenses:Taxes:Y2021:US:Federal                 1062.92 USD
  Expenses:Taxes:Y2021:US:State                    365.08 USD
  Expenses:Taxes:Y2021:US:CityNYC                  174.92 USD
  Expenses:Taxes:Y2021:US:SDI                        1.12 USD
  Expenses:Taxes:Y2021:US:SocSec                   281.54 USD
  Assets:US:Federal:PreTax401k                   -1200.00 IRAUSD
  Expenses:Taxes:Y2021:US:Federal:PreTax401k      1200.00 IRAUSD
  Assets:US:Babble:Vacation                             5 VACHR
  Income:US:Babble:Vacation                            -5 VACHR

2021-02-04 * "Babble" "Payroll"
  Assets:US:BofA:Checking                         1350.60 USD
  Assets:US:Vanguard:Cash                         1200.00 USD
  Income:US:Babble:Salary                        -4615.38 USD
  Income:US:Babble:GroupTermLife                   -24.32 USD
  Expenses:Health:Life:GroupTermLife                24.32 USD
  Expenses:Health:Dental:Insurance                   2.90 USD
  Expenses:Health:Medical:Insurance                 27.38 USD
  Expenses:Health:Vision:Insurance                  42.30 USD
  Expenses:Taxes:Y2021:US:Medicare                 106.62 USD
  Expenses:Taxes:Y2021:US:Federal                 1062.92 USD
  Expenses:Taxes:Y2021:US:State                    365.08 USD
  Expenses:Taxes:Y2021:US:CityNYC                  174.92 USD
  Expenses:Taxes:Y2021:US:SDI                        1.12 USD
  Expenses:Taxes:Y2021:US:SocSec                   281.54 USD
  Assets:US:Federal:PreTax401k                   -1200.00 IRAUSD
  Expenses:Taxes:Y2021:US:Federal:PreTax401k      1200.00 IRAUSD
  Assets:US:Babble:Vacation                             5 VACHR
  Income:US:Babble:Vacation                            -5 VACHR

2021-02-18 * "Babble" "Payroll"
  Assets:US:BofA:Checking                         1350.60 USD
  Assets:US:Vanguard:Cash                         1200.00 USD
  Income:US:Babble:Salary                        -4615.38 USD
  Income:US:Babble:GroupTermLife                   -24.32 USD
  Expenses:Health:Life:GroupTermLife                24.32 USD
  Expenses:Health:Dental:Insurance                   2.90 USD
  Expenses:Health:Medical:Insurance                 27.38 USD
  Expenses:Health:Vision:Insurance                  42.30 USD
  Expenses:Taxes:Y2021:US:Medicare                 106.62 USD
  Expenses:Taxes:Y2021:US:Federal                 1062.92 USD
  Expenses:Taxes:Y2021:US:State                    365.08 USD
  Expenses:Taxes:Y2021:US:CityNYC                  174.92 USD
  Expenses:Taxes:Y2021:US:SDI                        1.12 USD
  Expenses:Taxes:Y2021:US:SocSec                   281.54 USD
  Assets:US:Federal:PreTax401k                   -1200.00 IRAUSD
  Expenses:Taxes:Y2021:US:Federal:PreTax401k      1200.00 IRAUSD
  Assets:US:Babble:Vacation                             5 VACHR
  Income:US:Babble:Vacation                            -5 VACHR

2021-03-04 * "Babble" "Payroll"
  Assets:US:BofA:Checking                         1350.60 USD
  Assets:US:Vanguard:Cash                         1200.00 USD
  Income:US:Babble:Salary                        -4615.38 USD
  Income:US:Babble:GroupTermLife                   -24.32 USD
  Expenses:Health:Life:GroupTermLife                24.32 USD
  Expenses:Health:Dental:Insurance                   2.90 USD
  Expenses:Health:Medical:Insurance                 27.38 USD
  Expenses:Health:Vision:Insurance                  42.30 USD
  Expenses:Taxes:Y2021:US:Medicare                 106.62 USD
  Expenses:Taxes:Y2021:US:Federal                 1062.92 USD
  Expenses:Taxes:Y2021:US:State                    365.08 USD
  Expenses:Taxes:Y2021:US:CityNYC                  174.92 USD
  Expenses:Taxes:Y2021:US:SDI                        1.12 USD
  Expenses:Taxes:Y2021:US:SocSec                   281.54 USD
  Assets:US:Federal:PreTax401k                   -1200.00 IRAUSD
  Expenses:Taxes:Y2021:US:Federal:PreTax401k      1200.00 IRAUSD
  Assets:US:Babble:Vacation                             5 VACHR
  Income:US:Babble:Vacation                            -5 VACHR

2021-03-18 * "Babble" "Payroll"
  Assets:US:BofA:Checking                         1350.60 USD
  Assets:US:Vanguard:Cash                         1200.00 USD
  Income:US:Babble:Salary                        -4615.38 USD
  Income:US:Babble:GroupTermLife                   -24.32 USD
  Expenses:Health:Life:GroupTermLife                24.32 USD
  Expenses:Health:Dental:Insurance                   2.90 USD
  Expenses:Health:Medical:Insurance                 27.38 USD
  Expenses:Health:Vision:Insurance                  42.30 USD
  Expenses:Taxes:Y2021:US:Medicare                 106.62 USD
  Expenses:Taxes:Y2021:US:Federal                 1062.92 USD
  Expenses:Taxes:Y2021:US:State                    365.08 USD
  Expenses:Taxes:Y2021:US:CityNYC                  174.92 USD
  Expenses:Taxes:Y2021:US:SDI                        1.12 USD
  Expenses:Taxes:Y2021:US:SocSec                   281.54 USD
  Assets:US:Federal:PreTax401k                   -1200.00 IRAUSD
  Expenses:Taxes:Y2021:US:Federal:PreTax401k      1200.00 IRAUSD
  Assets:US:Babble:Vacation                             5 VACHR
  Income:US:Babble:Vacation                            -5 VACHR

2021-04-01 * "Babble" "Payroll"
  Assets:US:BofA:Checking                         1350.60 USD
  Assets:US:Vanguard:Cash                         1200.00 USD
  Income:US:Babble:Salary                        -4615.38 USD
  Income:US:Babble:GroupTermLife                   -24.32 USD
  Expenses:Health:Life:GroupTermLife                24.32 USD
  Expenses:Health:Dental:Insurance                   2.90 USD
  Expenses:Health:Medical:Insurance                 27.38 USD
  Expenses:Health:Vision:Insurance                  42.30 USD
  Expenses:Taxes:Y2021:US:Medicare                 106.62 USD
  Expenses:Taxes:Y2021:US:Federal                 1062.92 USD
  Expenses:Taxes:Y2021:US:State                    365.08 USD
  Expenses:Taxes:Y2021:US:CityNYC                  174.92 USD
  Expenses:Taxes:Y2021:US:SDI                        1.12 USD
  Expenses:Taxes:Y2021:US:SocSec                   281.54 USD
  Assets:US:Federal:PreTax401k                   -1200.00 IRAUSD
  Expenses:Taxes:Y2021:US:Federal:PreTax401k      1200.00 IRAUSD
  Assets:US:Babble:Vacation                             5 VACHR
  Income:US:Babble:Vacation                            -5 VACHR

2021-04-15 * "Babble" "Payroll"
  Assets:US:BofA:Checking                         1350.60 USD
  Assets:US:Vanguard:Cash                         1200.00 USD
  Income:US:Babble:Salary                        -4615.38 USD
  Income:US:Babble:GroupTermLife                   -24.32 USD
  Expenses:Health:Life:GroupTermLife                24.32 USD
  Expenses:Health:Dental:Insurance                   2.90 USD
  Expenses:Health:Medical:Insurance                 27.38 USD
  Expenses:Health:Vision:Insurance                  42.30 USD
  Expenses:Taxes:Y2021:US:Medicare                 106.62 USD
  Expenses:Taxes:Y2021:US:Federal                 1062.92 USD
  Expenses:Taxes:Y2021:US:State                    365.08 USD
  Expenses:Taxes:Y2021:US:CityNYC                  174.92 USD
  Expenses:Taxes:Y2021:US:SDI                        1.12 USD
  Expenses:Taxes:Y2021:US:SocSec                   281.54 USD
  Assets:US:Federal:PreTax401k                   -1200.00 IRAUSD
  Expenses:Taxes:Y2021:US:Federal:PreTax401k      1200.00 IRAUSD
  Assets:US:Babble:Vacation                             5 VACHR
  Income:US:Babble:Vacation                            -5 VACHR

2021-04-29 * "Babble" "Payroll"
  Assets:US:BofA:Checking                         1350.60 USD
  Assets:US:Vanguard:Cash                         1200.00 USD
  Income:US:Babble:Salary                        -4615.38 USD
  Income:US:Babble:GroupTermLife                   -24.32 USD
  Expenses:Health:Life:GroupTermLife                24.32 USD
  Expenses:Health:Dental:Insurance                   2.90 USD
  Expenses:Health:Medical:Insurance                 27.38 USD
  Expenses:Health:Vision:Insurance                  42.30 USD
  Expenses:Taxes:Y2021:US:Medicare                 106.62 USD
  Expenses:Taxes:Y2021:US:Federal                 1062.92 USD
  Expenses:Taxes:Y2021:US:State                    365.08 USD
  Expenses:Taxes:Y2021:US:CityNYC                  174.92 USD
  Expenses:Taxes:Y2021:US:SDI                        1.12 USD
  Expenses:Taxes:Y2021:US:SocSec                   281.54 USD
  Assets:US:Federal:PreTax401k                   -1200.00 IRAUSD
  Expenses:Taxes:Y2021:US:Federal:PreTax401k      1200.00 IRAUSD
  Assets:US:Babble:Vacation                             5 VACHR
  Income:US:Babble:Vacation                            -5 VACHR

2021-05-13 * "Babble" "Payroll"
  Assets:US:BofA:Checking                         1350.60 USD
  Assets:US:Vanguard:Cash                         1200.00 USD
  Income:US:Babble:Salary                        -4615.38 USD
  Income:US:Babble:GroupTermLife                   -24.32 USD
  Expenses:Health:Life:GroupTermLife                24.32 USD
  Expenses:Health:Dental:Insurance                   2.90 USD
  Expenses:Health:Medical:Insurance                 27.38 USD
  Expenses:Health:Vision:Insurance                  42.30 USD
  Expenses:Taxes:Y2021:US:Medicare                 106.62 USD
  Expenses:Taxes:Y2021:US:Federal                 1062.92 USD
  Expenses:Taxes:Y2021:US:State                    365.08 USD
  Expenses:Taxes:Y2021:US:CityNYC                  174.92 USD
  Expenses:Taxes:Y2021:US:SDI                        1.12 USD
  Expenses:Taxes:Y2021:US:SocSec                   281.54 USD
  Assets:US:Federal:PreTax401k                   -1200.00 IRAUSD
  Expenses:Taxes:Y2021:US:Federal:PreTax401k      1200.00 IRAUSD
  Assets:US:Babble:Vacation                             5 VACHR
  Income:US:Babble:Vacation                            -5 VACHR

2021-05-27 * "Babble" "Payroll"
  Assets:US:BofA:Checking                         1350.60 USD
  Assets:US:Vanguard:Cash                         1200.00 USD
  Income:US:Babble:Salary                        -4615.38 USD
  Income:US:Babble:GroupTermLife                   -24.32 USD
  Expenses:Health:Life:GroupTermLife                24.32 USD
  Expenses:Health:Dental:Insurance                   2.90 USD
  Expenses:Health:Medical:Insurance                 27.38 USD
  Expenses:Health:Vision:Insurance                  42.30 USD
  Expenses:Taxes:Y2021:US:Medicare                 106.62 USD
  Expenses:Taxes:Y2021:US:Federal                 1062.92 USD
  Expenses:Taxes:Y2021:US:State                    365.08 USD
  Expenses:Taxes:Y2021:US:CityNYC                  174.92 USD
  Expenses:Taxes:Y2021:US:SDI                        1.12 USD
  Expenses:Taxes:Y2021:US:SocSec                   281.54 USD
  Assets:US:Federal:PreTax401k                   -1200.00 IRAUSD
  Expenses:Taxes:Y2021:US:Federal:PreTax401k      1200.00 IRAUSD
  Assets:US:Babble:Vacation                             5 VACHR
  Income:US:Babble:Vacation                            -5 VACHR

2021-06-10 * "Babble" "Payroll"
  Assets:US:BofA:Checking                         1350.60 USD
  Assets:US:Vanguard:Cash                         1200.00 USD
  Income:US:Babble:Salary                        -4615.38 USD
  Income:US:Babble:GroupTermLife                   -24.32 USD
  Expenses:Health:Life:GroupTermLife                24.32 USD
  Expenses:Health:Dental:Insurance                   2.90 USD
  Expenses:Health:Medical:Insurance                 27.38 USD
  Expenses:Health:Vision:Insurance                  42.30 USD
  Expenses:Taxes:Y2021:US:Medicare                 106.62 USD
  Expenses:Taxes:Y2021:US:Federal                 1062.92 USD
  Expenses:Taxes:Y2021:US:State                    365.08 USD
  Expenses:Taxes:Y2021:US:CityNYC                  174.92 USD
  Expenses:Taxes:Y2021:US:SDI                        1.12 USD
  Expenses:Taxes:Y2021:US:SocSec                   281.54 USD
  Assets:US:Federal:PreTax401k                   -1200.00 IRAUSD
  Expenses:Taxes:Y2021:US:Federal:PreTax401k      1200.00 IRAUSD
  Assets:US:Babble:Vacation                             5 VACHR
  Income:US:Babble:Vacation                            -5 VACHR

2021-06-24 * "Babble" "Payroll"
  Assets:US:BofA:Checking                         1350.60 USD
  Assets:US:Vanguard:Cash                         1200.00 USD
  Income:US:Babble:Salary                        -4615.38 USD
  Income:US:Babble:GroupTermLife                   -24.32 USD
  Expenses:Health:Life:GroupTermLife                24.32 USD
  Expenses:Health:Dental:Insurance                   2.90 USD
  Expenses:Health:Medical:Insurance                 27.38 USD
  Expenses:Health:Vision:Insurance                  42.30 USD
  Expenses:Taxes:Y2021:US:Medicare                 106.62 USD
  Expenses:Taxes:Y2021:US:Federal                 1062.92 USD
  Expenses:Taxes:Y2021:US:State                    365.08 USD
  Expenses:Taxes:Y2021:US:CityNYC                  174.92 USD
  Expenses:Taxes:Y2021:US:SDI                        1.12 USD
  Expenses:Taxes:Y2021:US:SocSec                   281.54 USD
  Assets:US:Federal:PreTax401k                   -1200.00 IRAUSD
  Expenses:Taxes:Y2021:US:Federal:PreTax401k      1200.00 IRAUSD
  Assets:US:Babble:Vacation                             5 VACHR
  Income:US:Babble:Vacation                            -5 VACHR

2021-07-08 * "Babble" "Payroll"
  Assets:US:BofA:Checking                         1350.60 USD
  Assets:US:Vanguard:Cash                         1200.00 USD
  Income:US:Babble:Salary                        -4615.38 USD
  Income:US:Babble:GroupTermLife                   -24.32 USD
  Expenses:Health:Life:GroupTermLife                24.32 USD
  Expenses:Health:Dental:Insurance                   2.90 USD
  Expenses:Health:Medical:Insurance                 27.38 USD
  Expenses:Health:Vision:Insurance                  42.30 USD
  Expenses:Taxes:Y2021:US:Medicare                 106.62 USD
  Expenses:Taxes:Y2021:US:Federal                 1062.92 USD
  Expenses:Taxes:Y2021:US:State                    365.08 USD
  Expenses:Taxes:Y2021:US:CityNYC                  174.92 USD
  Expenses:Taxes:Y2021:US:SDI                        1.12 USD
  Expenses:Taxes:Y2021:US:SocSec                   281.54 USD
  Assets:US:Federal:PreTax401k                   -1200.00 IRAUSD
  Expenses:Taxes:Y2021:US:Federal:PreTax401k      1200.00 IRAUSD
  Assets:US:Babble:Vacation                             5 VACHR
  Income:US:Babble:Vacation                            -5 VACHR

2021-07-22 * "Babble" "Payroll"
  Assets:US:BofA:Checking                         1350.60 USD
  Assets:US:Vanguard:Cash                         1200.00 USD
  Income:US:Babble:Salary                        -4615.38 USD
  Income:US:Babble:GroupTermLife                   -24.32 USD
  Expenses:Health:Life:GroupTermLife                24.32 USD
  Expenses:Health:Dental:Insurance                   2.90 USD
  Expenses:Health:Medical:Insurance                 27.38 USD
  Expenses:Health:Vision:Insurance                  42.30 USD
  Expenses:Taxes:Y2021:US:Medicare                 106.62 USD
  Expenses:Taxes:Y2021:US:Federal                 1062.92 USD
  Expenses:Taxes:Y2021:US:State                    365.08 USD
  Expenses:Taxes:Y2021:US:CityNYC                  174.92 USD
  Expenses:Taxes:Y2021:US:SDI                        1.12 USD
  Expenses:Taxes:Y2021:US:SocSec                   281.54 USD
  Assets:US:Federal:PreTax401k                   -1200.00 IRAUSD
  Expenses:Taxes:Y2021:US:Federal:PreTax401k      1200.00 IRAUSD
  Assets:US:Babble:Vacation                             5 VACHR
  Income:US:Babble:Vacation                            -5 VACHR

2021-08-05 * "Babble" "Payroll"
  Assets:US:BofA:Checking                         2050.60 USD
  Assets:US:Vanguard:Cash                          500.00 USD
  Income:US:Babble:Salary                        -4615.38 USD
  Income:US:Babble:GroupTermLife                   -24.32 USD
  Expenses:Health:Life:GroupTermLife                24.32 USD
  Expenses:Health:Dental:Insurance                   2.90 USD
  Expenses:Health:Medical:Insurance                 27.38 USD
  Expenses:Health:Vision:Insurance                  42.30 USD
  Expenses:Taxes:Y2021:US:Medicare                 106.62 USD
  Expenses:Taxes:Y2021:US:Federal                 1062.92 USD
  Expenses:Taxes:Y2021:US:State                    365.08 USD
  Expenses:Taxes:Y2021:US:CityNYC                  174.92 USD
  Expenses:Taxes:Y2021:US:SDI                        1.12 USD
  Expenses:Taxes:Y2021:US:SocSec                   281.54 USD
  Assets:US:Federal:PreTax401k                    -500.00 IRAUSD
  Expenses:Taxes:Y2021:US:Federal:PreTax401k       500.00 IRAUSD
  Assets:US:Babble:Vacation                             5 VACHR
  Income:US:Babble:Vacation                            -5 VACHR

2021-08-19 * "Babble" "Payroll"
  Assets:US:BofA:Checking                         2550.60 USD
  Income:US:Babble:Salary                        -4615.38 USD
  Income:US:Babble:GroupTermLife                   -24.32 USD
  Expenses:Health:Life:GroupTermLife                24.32 USD
  Expenses:Health:Dental:Insurance                   2.90 USD
  Expenses:Health:Medical:Insurance                 27.38 USD
  Expenses:Health:Vision:Insurance                  42.30 USD
  Expenses:Taxes:Y2021:US:Medicare                 106.62 USD
  Expenses:Taxes:Y2021:US:Federal                 1062.92 USD
  Expenses:Taxes:Y2021:US:State                    365.08 USD
  Expenses:Taxes:Y2021:US:CityNYC                  174.92 USD
  Expenses:Taxes:Y2021:US:SDI                        1.12 USD
  Expenses:Taxes:Y2021:US:SocSec                   281.54 USD
  Assets:US:Federal:PreTax401k                       0.00 IRAUSD
  Assets:US:Babble:Vacation                             5 VACHR
  Income:US:Babble:Vacation                            -5 VACHR

2021-09-02 * "Babble" "Payroll"
  Assets:US:BofA:Checking                         2550.60 USD
  Income:US:Babble:Salary                        -4615.38 USD
  Income:US:Babble:GroupTermLife                   -24.32 USD
  Expenses:Health:Life:GroupTermLife                24.32 USD
  Expenses:Health:Dental:Insurance                   2.90 USD
  Expenses:Health:Medical:Insurance                 27.38 USD
  Expenses:Health:Vision:Insurance                  42.30 USD
  Expenses:Taxes:Y2021:US:Medicare                 106.62 USD
  Expenses:Taxes:Y2021:US:Federal                 1062.92 USD
  Expenses:Taxes:Y2021:US:State                    365.08 USD
  Expenses:Taxes:Y2021:US:CityNYC                  174.92 USD
  Expenses:Taxes:Y2021:US:SDI                        1.12 USD
  Expenses:Taxes:Y2021:US:SocSec                   281.54 USD
  Assets:US:Federal:PreTax401k                       0.00 IRAUSD
  Assets:US:Babble:Vacation                             5 VACHR
  Income:US:Babble:Vacation                            -5 VACHR

2021-09-16 * "Babble" "Payroll"
  Assets:US:BofA:Checking                         2550.60 USD
  Income:US:Babble:Salary                        -4615.38 USD
  Income:US:Babble:GroupTermLife                   -24.32 USD
  Expenses:Health:Life:GroupTermLife                24.32 USD
  Expenses:Health:Dental:Insurance                   2.90 USD
  Expenses:Health:Medical:Insurance                 27.38 USD
  Expenses:Health:Vision:Insurance                  42.30 USD
  Expenses:Taxes:Y2021:US:Medicare                 106.62 USD
  Expenses:Taxes:Y2021:US:Federal                 1062.92 USD
  Expenses:Taxes:Y2021:US:State                    365.08 USD
  Expenses:Taxes:Y2021:US:CityNYC                  174.92 USD
  Expenses:Taxes:Y2021:US:SDI                        1.12 USD
  Expenses:Taxes:Y2021:US:SocSec                   281.54 USD
  Assets:US:Federal:PreTax401k                       0.00 IRAUSD
  Assets:US:Babble:Vacation                             5 VACHR
  Income:US:Babble:Vacation                            -5 VACHR

2021-09-30 * "Babble" "Payroll"
  Assets:US:BofA:Checking                         2550.60 USD
  Income:US:Babble:Salary                        -4615.38 USD
  Income:US:Babble:GroupTermLife                   -24.32 USD
  Expenses:Health:Life:GroupTermLife                24.32 USD
  Expenses:Health:Dental:Insurance                   2.90 USD
  Expenses:Health:Medical:Insurance                 27.38 USD
  Expenses:Health:Vision:Insurance                  42.30 USD
  Expenses:Taxes:Y2021:US:Medicare                 106.62 USD
  Expenses:Taxes:Y2021:US:Federal                 1062.92 USD
  Expenses:Taxes:Y2021:US:State                    365.08 USD
  Expenses:Taxes:Y2021:US:CityNYC                  174.92 USD
  Expenses:Taxes:Y2021:US:SDI                        1.12 USD
  Expenses:Taxes:Y2021:US:SocSec                   281.54 USD
  Assets:US:Federal:PreTax401k                       0.00 IRAUSD
  Assets:US:Babble:Vacation                             5 VACHR
  Income:US:Babble:Vacation                            -5 VACHR

2021-10-14 * "Babble" "Payroll"
  Assets:US:BofA:Checking                         2550.60 USD
  Income:US:Babble:Salary                        -4615.38 USD
  Income:US:Babble:GroupTermLife                   -24.32 USD
  Expenses:Health:Life:GroupTermLife                24.32 USD
  Expenses:Health:Dental:Insurance                   2.90 USD
  Expenses:Health:Medical:Insurance                 27.38 USD
  Expenses:Health:Vision:Insurance                  42.30 USD
  Expenses:Taxes:Y2021:US:Medicare                 106.62 USD
  Expenses:Taxes:Y2021:US:Federal                 1062.92 USD
  Expenses:Taxes:Y2021:US:State                    365.08 USD
  Expenses:Taxes:Y2021:US:CityNYC                  174.92 USD
  Expenses:Taxes:Y2021:US:SDI                        1.12 USD
  Expenses:Taxes:Y2021:US:SocSec                   281.54 USD
  Assets:US:Federal:PreTax401k                       0.00 IRAUSD
  Assets:US:Babble:Vacation                             5 VACHR
  Income:US:Babble:Vacation                            -5 VACHR

2021-10-28 * "Babble" "Payroll"
  Assets:US:BofA:Checking                         2550.60 USD
  Income:US:Babble:Salary                        -4615.38 USD
  Income:US:Babble:GroupTermLife                   -24.32 USD
  Expenses:Health:Life:GroupTermLife                24.32 USD
  Expenses:Health:Dental:Insurance                   2.90 USD
  Expenses:Health:Medical:Insurance                 27.38 USD
  Expenses:Health:Vision:Insurance                  42.30 USD
  Expenses:Taxes:Y2021:US:Medicare                 106.62 USD
  Expenses:Taxes:Y2021:US:Federal                 1062.92 USD
  Expenses:Taxes:Y2021:US:State                    365.08 USD
  Expenses:Taxes:Y2021:US:CityNYC                  174.92 USD
  Expenses:Taxes:Y2021:US:SDI                        1.12 USD
  Expenses:Taxes:Y2021:US:SocSec                   281.54 USD
  Assets:US:Federal:PreTax401k                       0.00 IRAUSD
  Assets:US:Babble:Vacation                             5 VACHR
  Income:US:Babble:Vacation                            -5 VACHR

2021-11-11 * "Babble" "Payroll"
  Assets:US:BofA:Checking                         2550.60 USD
  Income:US:Babble:Salary                        -4615.38 USD
  Income:US:Babble:GroupTermLife                   -24.32 USD
  Expenses:Health:Life:GroupTermLife                24.32 USD
  Expenses:Health:Dental:Insurance                   2.90 USD
  Expenses:Health:Medical:Insurance                 27.38 USD
  Expenses:Health:Vision:Insurance                  42.30 USD
  Expenses:Taxes:Y2021:US:Medicare                 106.62 USD
  Expenses:Taxes:Y2021:US:Federal                 1062.92 USD
  Expenses:Taxes:Y2021:US:State                    365.08 USD
  Expenses:Taxes:Y2021:US:CityNYC                  174.92 USD
  Expenses:Taxes:Y2021:US:SDI                        1.12 USD
  Expenses:Taxes:Y2021:US:SocSec                   281.54 USD
  Assets:US:Federal:PreTax401k                       0.00 IRAUSD
  Assets:US:Babble:Vacation                             5 VACHR
  Income:US:Babble:Vacation                            -5 VACHR

2021-11-25 * "Babble" "Payroll"
  Assets:US:BofA:Checking                         2550.60 USD
  Income:US:Babble:Salary                        -4615.38 USD
  Income:US:Babble:GroupTermLife                   -24.32 USD
  Expenses:Health:Life:GroupTermLife                24.32 USD
  Expenses:Health:Dental:Insurance                   2.90 USD
  Expenses:Health:Medical:Insurance                 27.38 USD
  Expenses:Health:Vision:Insurance                  42.30 USD
  Expenses:Taxes:Y2021:US:Medicare                 106.62 USD
  Expenses:Taxes:Y2021:US:Federal                 1062.92 USD
  Expenses:Taxes:Y2021:US:State                    365.08 USD
  Expenses:Taxes:Y2021:US:CityNYC                  174.92 USD
  Expenses:Taxes:Y2021:US:SDI                        1.12 USD
  Expenses:Taxes:Y2021:US:SocSec                   281.54 USD
  Assets:US:Federal:PreTax401k                       0.00 IRAUSD
  Assets:US:Babble:Vacation                             5 VACHR
  Income:US:Babble:Vacation                            -5 VACHR

2021-12-09 * "Babble" "Payroll"
  Assets:US:BofA:Checking                         2589.06 USD
  Income:US:Babble:Salary                        -4615.38 USD
  Income:US:Babble:GroupTermLife                   -24.32 USD
  Expenses:Health:Life:GroupTermLife                24.32 USD
  Expenses:Health:Dental:Insurance                   2.90 USD
  Expenses:Health:Medical:Insurance                 27.38 USD
  Expenses:Health:Vision:Insurance                  42.30 USD
  Expenses:Taxes:Y2021:US:Medicare                 106.62 USD
  Expenses:Taxes:Y2021:US:Federal                 1062.92 USD
  Expenses:Taxes:Y2021:US:State                    365.08 USD
  Expenses:Taxes:Y2021:US:CityNYC                  174.92 USD
  Expenses:Taxes:Y2021:US:SDI                        1.12 USD
  Expenses:Taxes:Y2021:US:SocSec                   243.08 USD
  Assets:US:Federal:PreTax401k                       0.00 IRAUSD
  Assets:US:Babble:Vacation                             5 VACHR
  Income:US:Babble:Vacation                            -5 VACHR

2021-12-23 * "Babble" "Payroll"
  Assets:US:BofA:Checking                         2832.14 USD
  Income:US:Babble:Salary                        -4615.38 USD
  Income:US:Babble:GroupTermLife                   -24.32 USD
  Expenses:Health:Life:GroupTermLife                24.32 USD
  Expenses:Health:Dental:Insurance                   2.90 USD
  Expenses:Health:Medical:Insurance                 27.38 USD
  Expenses:Health:Vision:Insurance                  42.30 USD
  Expenses:Taxes:Y2021:US:Medicare                 106.62 USD
  Expenses:Taxes:Y2021:US:Federal                 1062.92 USD
  Expenses:Taxes:Y2021:US:State                    365.08 USD
  Expenses:Taxes:Y2021:US:CityNYC                  174.92 USD
  Expenses:Taxes:Y2021:US:SDI                        1.12 USD
  Expenses:Taxes:Y2021:US:SocSec                     0.00 USD
  Assets:US:Federal:PreTax401k                       0.00 IRAUSD
  Assets:US:Babble:Vacation                             5 VACHR
  Income:US:Babble:Vacation                            -5 VACHR

2022-01-06 * "Babble" "Payroll"
  Assets:US:BofA:Checking                         1350.60 USD
  Assets:US:Vanguard:Cash                         1200.00 USD
  Income:US:Babble:Salary                        -4615.38 USD
  Income:US:Babble:GroupTermLife                   -24.32 USD
  Expenses:Health:Life:GroupTermLife                24.32 USD
  Expenses:Health:Dental:Insurance                   2.90 USD
  Expenses:Health:Medical:Insurance                 27.38 USD
  Expenses:Health:Vision:Insurance                  42.30 USD
  Expenses:Taxes:Y2022:US:Medicare                 106.62 USD
  Expenses:Taxes:Y2022:US:Federal                 1062.92 USD
  Expenses:Taxes:Y2022:US:State                    365.08 USD
  Expenses:Taxes:Y2022:US:CityNYC                  174.92 USD
  Expenses:Taxes:Y2022:US:SDI                        1.12 USD
  Expenses:Taxes:Y2022:US:SocSec                   281.54 USD
  Assets:US:Federal:PreTax401k                   -1200.00 IRAUSD
  Expenses:Taxes:Y2022:US:Federal:PreTax401k      1200.00 IRAUSD
  Assets:US:Babble:Vacation                             5 VACHR
  Income:US:Babble:Vacation                            -5 VACHR

2022-01-20 * "Babble" "Payroll"
  Assets:US:BofA:Checking                         1350.60 USD
  Assets:US:Vanguard:Cash                         1200.00 USD
  Income:US:Babble:Salary                        -4615.38 USD
  Income:US:Babble:GroupTermLife                   -24.32 USD
  Expenses:Health:Life:GroupTermLife                24.32 USD
  Expenses:Health:Dental:Insurance                   2.90 USD
  Expenses:Health:Medical:Insurance                 27.38 USD
  Expenses:Health:Vision:Insurance                  42.30 USD
  Expenses:Taxes:Y2022:US:Medicare                 106.62 USD
  Expenses:Taxes:Y2022:US:Federal                 1062.92 USD
  Expenses:Taxes:Y2022:US:State                    365.08 USD
  Expenses:Taxes:Y2022:US:CityNYC                  174.92 USD
  Expenses:Taxes:Y2022:US:SDI                        1.12 USD
  Expenses:Taxes:Y2022:US:SocSec                   281.54 USD
  Assets:US:Federal:PreTax401k                   -1200.00 IRAUSD
  Expenses:Taxes:Y2022:US:Federal:PreTax401k      1200.00 IRAUSD
  Assets:US:Babble:Vacation                             5 VACHR
  Income:US:Babble:Vacation                            -5 VACHR

2022-02-03 * "Babble" "Payroll"
  Assets:US:BofA:Checking                         1350.60 USD
  Assets:US:Vanguard:Cash                         1200.00 USD
  Income:US:Babble:Salary                        -4615.38 USD
  Income:US:Babble:GroupTermLife                   -24.32 USD
  Expenses:Health:Life:GroupTermLife                24.32 USD
  Expenses:Health:Dental:Insurance                   2.90 USD
  Expenses:Health:Medical:Insurance                 27.38 USD
  Expenses:Health:Vision:Insurance                  42.30 USD
  Expenses:Taxes:Y2022:US:Medicare                 106.62 USD
  Expenses:Taxes:Y2022:US:Federal                 1062.92 USD
  Expenses:Taxes:Y2022:US:State                    365.08 USD
  Expenses:Taxes:Y2022:US:CityNYC                  174.92 USD
  Expenses:Taxes:Y2022:US:SDI                        1.12 USD
  Expenses:Taxes:Y2022:US:SocSec                   281.54 USD
  Assets:US:Federal:PreTax401k                   -1200.00 IRAUSD
  Expenses:Taxes:Y2022:US:Federal:PreTax401k      1200.00 IRAUSD
  Assets:US:Babble:Vacation                             5 VACHR
  Income:US:Babble:Vacation                            -5 VACHR

2022-02-17 * "Babble" "Payroll"
  Assets:US:BofA:Checking                         1350.60 USD
  Assets:US:Vanguard:Cash                         1200.00 USD
  Income:US:Babble:Salary                        -4615.38 USD
  Income:US:Babble:GroupTermLife                   -24.32 USD
  Expenses:Health:Life:GroupTermLife                24.32 USD
  Expenses:Health:Dental:Insurance                   2.90 USD
  Expenses:Health:Medical:Insurance                 27.38 USD
  Expenses:Health:Vision:Insurance                  42.30 USD
  Expenses:Taxes:Y2022:US:Medicare                 106.62 USD
  Expenses:Taxes:Y2022:US:Federal                 1062.92 USD
  Expenses:Taxes:Y2022:US:State                    365.08 USD
  Expenses:Taxes:Y2022:US:CityNYC                  174.92 USD
  Expenses:Taxes:Y2022:US:SDI                        1.12 USD
  Expenses:Taxes:Y2022:US:SocSec                   281.54 USD
  Assets:US:Federal:PreTax401k                   -1200.00 IRAUSD
  Expenses:Taxes:Y2022:US:Federal:PreTax401k      1200.00 IRAUSD
  Assets:US:Babble:Vacation                             5 VACHR
  Income:US:Babble:Vacation                            -5 VACHR

2022-03-03 * "Babble" "Payroll"
  Assets:US:BofA:Checking                         1350.60 USD
  Assets:US:Vanguard:Cash                         1200.00 USD
  Income:US:Babble:Salary                        -4615.38 USD
  Income:US:Babble:GroupTermLife                   -24.32 USD
  Expenses:Health:Life:GroupTermLife                24.32 USD
  Expenses:Health:Dental:Insurance                   2.90 USD
  Expenses:Health:Medical:Insurance                 27.38 USD
  Expenses:Health:Vision:Insurance                  42.30 USD
  Expenses:Taxes:Y2022:US:Medicare                 106.62 USD
  Expenses:Taxes:Y2022:US:Federal                 1062.92 USD
  Expenses:Taxes:Y2022:US:State                    365.08 USD
  Expenses:Taxes:Y2022:US:CityNYC                  174.92 USD
  Expenses:Taxes:Y2022:US:SDI                        1.12 USD
  Expenses:Taxes:Y2022:US:SocSec                   281.54 USD
  Assets:US:Federal:PreTax401k                   -1200.00 IRAUSD
  Expenses:Taxes:Y2022:US:Federal:PreTax401k      1200.00 IRAUSD
  Assets:US:Babble:Vacation                             5 VACHR
  Income:US:Babble:Vacation                            -5 VACHR

2022-03-17 * "Babble" "Payroll"
  Assets:US:BofA:Checking                         1350.60 USD
  Assets:US:Vanguard:Cash                         1200.00 USD
  Income:US:Babble:Salary                        -4615.38 USD
  Income:US:Babble:GroupTermLife                   -24.32 USD
  Expenses:Health:Life:GroupTermLife                24.32 USD
  Expenses:Health:Dental:Insurance                   2.90 USD
  Expenses:Health:Medical:Insurance                 27.38 USD
  Expenses:Health:Vision:Insurance                  42.30 USD
  Expenses:Taxes:Y2022:US:Medicare                 106.62 USD
  Expenses:Taxes:Y2022:US:Federal                 1062.92 USD
  Expenses:Taxes:Y2022:US:State                    365.08 USD
  Expenses:Taxes:Y2022:US:CityNYC                  174.92 USD
  Expenses:Taxes:Y2022:US:SDI                        1.12 USD
  Expenses:Taxes:Y2022:US:SocSec                   281.54 USD
  Assets:US:Federal:PreTax401k                   -1200.00 IRAUSD
  Expenses:Taxes:Y2022:US:Federal:PreTax401k      1200.00 IRAUSD
  Assets:US:Babble:Vacation                             5 VACHR
  Income:US:Babble:Vacation                            -5 VACHR

2022-03-31 * "Babble" "Payroll"
  Assets:US:BofA:Checking                         1350.60 USD
  Assets:US:Vanguard:Cash                         1200.00 USD
  Income:US:Babble:Salary                        -4615.38 USD
  Income:US:Babble:GroupTermLife                   -24.32 USD
  Expenses:Health:Life:GroupTermLife                24.32 USD
  Expenses:Health:Dental:Insurance                   2.90 USD
  Expenses:Health:Medical:Insurance                 27.38 USD
  Expenses:Health:Vision:Insurance                  42.30 USD
  Expenses:Taxes:Y2022:US:Medicare                 106.62 USD
  Expenses:Taxes:Y2022:US:Federal                 1062.92 USD
  Expenses:Taxes:Y2022:US:State                    365.08 USD
  Expenses:Taxes:Y2022:US:CityNYC                  174.92 USD
  Expenses:Taxes:Y2022:US:SDI                        1.12 USD
  Expenses:Taxes:Y2022:US:SocSec                   281.54 USD
  Assets:US:Federal:PreTax401k                   -1200.00 IRAUSD
  Expenses:Taxes:Y2022:US:Federal:PreTax401k      1200.00 IRAUSD
  Assets:US:Babble:Vacation                             5 VACHR
  Income:US:Babble:Vacation                            -5 VACHR

2022-04-14 * "Babble" "Payroll"
  Assets:US:BofA:Checking                         1350.60 USD
  Assets:US:Vanguard:Cash                         1200.00 USD
  Income:US:Babble:Salary                        -4615.38 USD
  Income:US:Babble:GroupTermLife                   -24.32 USD
  Expenses:Health:Life:GroupTermLife                24.32 USD
  Expenses:Health:Dental:Insurance                   2.90 USD
  Expenses:Health:Medical:Insurance                 27.38 USD
  Expenses:Health:Vision:Insurance                  42.30 USD
  Expenses:Taxes:Y2022:US:Medicare                 106.62 USD
  Expenses:Taxes:Y2022:US:Federal                 1062.92 USD
  Expenses:Taxes:Y2022:US:State                    365.08 USD
  Expenses:Taxes:Y2022:US:CityNYC                  174.92 USD
  Expenses:Taxes:Y2022:US:SDI                        1.12 USD
  Expenses:Taxes:Y2022:US:SocSec                   281.54 USD
  Assets:US:Federal:PreTax401k                   -1200.00 IRAUSD
  Expenses:Taxes:Y2022:US:Federal:PreTax401k      1200.00 IRAUSD
  Assets:US:Babble:Vacation                             5 VACHR
  Income:US:Babble:Vacation                            -5 VACHR

2022-04-28 * "Babble" "Payroll"
  Assets:US:BofA:Checking                         1350.60 USD
  Assets:US:Vanguard:Cash                         1200.00 USD
  Income:US:Babble:Salary                        -4615.38 USD
  Income:US:Babble:GroupTermLife                   -24.32 USD
  Expenses:Health:Life:GroupTermLife                24.32 USD
  Expenses:Health:Dental:Insurance                   2.90 USD
  Expenses:Health:Medical:Insurance                 27.38 USD
  Expenses:Health:Vision:Insurance                  42.30 USD
  Expenses:Taxes:Y2022:US:Medicare                 106.62 USD
  Expenses:Taxes:Y2022:US:Federal                 1062.92 USD
  Expenses:Taxes:Y2022:US:State                    365.08 USD
  Expenses:Taxes:Y2022:US:CityNYC                  174.92 USD
  Expenses:Taxes:Y2022:US:SDI                        1.12 USD
  Expenses:Taxes:Y2022:US:SocSec                   281.54 USD
  Assets:US:Federal:PreTax401k                   -1200.00 IRAUSD
  Expenses:Taxes:Y2022:US:Federal:PreTax401k      1200.00 IRAUSD
  Assets:US:Babble:Vacation                             5 VACHR
  Income:US:Babble:Vacation                            -5 VACHR

2022-05-12 * "Babble" "Payroll"
  Assets:US:BofA:Checking                         1350.60 USD
  Assets:US:Vanguard:Cash                         1200.00 USD
  Income:US:Babble:Salary                        -4615.38 USD
  Income:US:Babble:GroupTermLife                   -24.32 USD
  Expenses:Health:Life:GroupTermLife                24.32 USD
  Expenses:Health:Dental:Insurance                   2.90 USD
  Expenses:Health:Medical:Insurance                 27.38 USD
  Expenses:Health:Vision:Insurance                  42.30 USD
  Expenses:Taxes:Y2022:US:Medicare                 106.62 USD
  Expenses:Taxes:Y2022:US:Federal                 1062.92 USD
  Expenses:Taxes:Y2022:US:State                    365.08 USD
  Expenses:Taxes:Y2022:US:CityNYC                  174.92 USD
  Expenses:Taxes:Y2022:US:SDI                        1.12 USD
  Expenses:Taxes:Y2022:US:SocSec                   281.54 USD
  Assets:US:Federal:PreTax401k                   -1200.00 IRAUSD
  Expenses:Taxes:Y2022:US:Federal:PreTax401k      1200.00 IRAUSD
  Assets:US:Babble:Vacation                             5 VACHR
  Income:US:Babble:Vacation                            -5 VACHR

2022-05-26 * "Babble" "Payroll"
  Assets:US:BofA:Checking                         1350.60 USD
  Assets:US:Vanguard:Cash                         1200.00 USD
  Income:US:Babble:Salary                        -4615.38 USD
  Income:US:Babble:GroupTermLife                   -24.32 USD
  Expenses:Health:Life:GroupTermLife                24.32 USD
  Expenses:Health:Dental:Insurance                   2.90 USD
  Expenses:Health:Medical:Insurance                 27.38 USD
  Expenses:Health:Vision:Insurance                  42.30 USD
  Expenses:Taxes:Y2022:US:Medicare                 106.62 USD
  Expenses:Taxes:Y2022:US:Federal                 1062.92 USD
  Expenses:Taxes:Y2022:US:State                    365.08 USD
  Expenses:Taxes:Y2022:US:CityNYC                  174.92 USD
  Expenses:Taxes:Y2022:US:SDI                        1.12 USD
  Expenses:Taxes:Y2022:US:SocSec                   281.54 USD
  Assets:US:Federal:PreTax401k                   -1200.00 IRAUSD
  Expenses:Taxes:Y2022:US:Federal:PreTax401k      1200.00 IRAUSD
  Assets:US:Babble:Vacation                             5 VACHR
  Income:US:Babble:Vacation                            -5 VACHR

2022-06-09 * "Babble" "Payroll"
  Assets:US:BofA:Checking                         1350.60 USD
  Assets:US:Vanguard:Cash                         1200.00 USD
  Income:US:Babble:Salary                        -4615.38 USD
  Income:US:Babble:GroupTermLife                   -24.32 USD
  Expenses:Health:Life:GroupTermLife                24.32 USD
  Expenses:Health:Dental:Insurance                   2.90 USD
  Expenses:Health:Medical:Insurance                 27.38 USD
  Expenses:Health:Vision:Insurance                  42.30 USD
  Expenses:Taxes:Y2022:US:Medicare                 106.62 USD
  Expenses:Taxes:Y2022:US:Federal                 1062.92 USD
  Expenses:Taxes:Y2022:US:State                    365.08 USD
  Expenses:Taxes:Y2022:US:CityNYC                  174.92 USD
  Expenses:Taxes:Y2022:US:SDI                        1.12 USD
  Expenses:Taxes:Y2022:US:SocSec                   281.54 USD
  Assets:US:Federal:PreTax401k                   -1200.00 IRAUSD
  Expenses:Taxes:Y2022:US:Federal:PreTax401k      1200.00 IRAUSD
  Assets:US:Babble:Vacation                             5 VACHR
  Income:US:Babble:Vacation                            -5 VACHR

2022-06-23 * "Babble" "Payroll"
  Assets:US:BofA:Checking                         1350.60 USD
  Assets:US:Vanguard:Cash                         1200.00 USD
  Income:US:Babble:Salary                        -4615.38 USD
  Income:US:Babble:GroupTermLife                   -24.32 USD
  Expenses:Health:Life:GroupTermLife                24.32 USD
  Expenses:Health:Dental:Insurance                   2.90 USD
  Expenses:Health:Medical:Insurance                 27.38 USD
  Expenses:Health:Vision:Insurance                  42.30 USD
  Expenses:Taxes:Y2022:US:Medicare                 106.62 USD
  Expenses:Taxes:Y2022:US:Federal                 1062.92 USD
  Expenses:Taxes:Y2022:US:State                    365.08 USD
  Expenses:Taxes:Y2022:US:CityNYC                  174.92 USD
  Expenses:Taxes:Y2022:US:SDI                        1.12 USD
  Expenses:Taxes:Y2022:US:SocSec                   281.54 USD
  Assets:US:Federal:PreTax401k                   -1200.00 IRAUSD
  Expenses:Taxes:Y2022:US:Federal:PreTax401k      1200.00 IRAUSD
  Assets:US:Babble:Vacation                             5 VACHR
  Income:US:Babble:Vacation                            -5 VACHR

2022-07-07 * "Babble" "Payroll"
  Assets:US:BofA:Checking                         1350.60 USD
  Assets:US:Vanguard:Cash                         1200.00 USD
  Income:US:Babble:Salary                        -4615.38 USD
  Income:US:Babble:GroupTermLife                   -24.32 USD
  Expenses:Health:Life:GroupTermLife                24.32 USD
  Expenses:Health:Dental:Insurance                   2.90 USD
  Expenses:Health:Medical:Insurance                 27.38 USD
  Expenses:Health:Vision:Insurance                  42.30 USD
  Expenses:Taxes:Y2022:US:Medicare                 106.62 USD
  Expenses:Taxes:Y2022:US:Federal                 1062.92 USD
  Expenses:Taxes:Y2022:US:State                    365.08 USD
  Expenses:Taxes:Y2022:US:CityNYC                  174.92 USD
  Expenses:Taxes:Y2022:US:SDI                        1.12 USD
  Expenses:Taxes:Y2022:US:SocSec                   281.54 USD
  Assets:US:Federal:PreTax401k                   -1200.00 IRAUSD
  Expenses:Taxes:Y2022:US:Federal:PreTax401k      1200.00 IRAUSD
  Assets:US:Babble:Vacation                             5 VACHR
  Income:US:Babble:Vacation                            -5 VACHR

2022-07-21 * "Babble" "Payroll"
  Assets:US:BofA:Checking                         1350.60 USD
  Assets:US:Vanguard:Cash                         1200.00 USD
  Income:US:Babble:Salary                        -4615.38 USD
  Income:US:Babble:GroupTermLife                   -24.32 USD
  Expenses:Health:Life:GroupTermLife                24.32 USD
  Expenses:Health:Dental:Insurance                   2.90 USD
  Expenses:Health:Medical:Insurance                 27.38 USD
  Expenses:Health:Vision:Insurance                  42.30 USD
  Expenses:Taxes:Y2022:US:Medicare                 106.62 USD
  Expenses:Taxes:Y2022:US:Federal                 1062.92 USD
  Expenses:Taxes:Y2022:US:State                    365.08 USD
  Expenses:Taxes:Y2022:US:CityNYC                  174.92 USD
  Expenses:Taxes:Y2022:US:SDI                        1.12 USD
  Expenses:Taxes:Y2022:US:SocSec                   281.54 USD
  Assets:US:Federal:PreTax401k                   -1200.00 IRAUSD
  Expenses:Taxes:Y2022:US:Federal:PreTax401k      1200.00 IRAUSD
  Assets:US:Babble:Vacation                             5 VACHR
  Income:US:Babble:Vacation                            -5 VACHR

2022-08-04 * "Babble" "Payroll"
  Assets:US:BofA:Checking                         2050.60 USD
  Assets:US:Vanguard:Cash                          500.00 USD
  Income:US:Babble:Salary                        -4615.38 USD
  Income:US:Babble:GroupTermLife                   -24.32 USD
  Expenses:Health:Life:GroupTermLife                24.32 USD
  Expenses:Health:Dental:Insurance                   2.90 USD
  Expenses:Health:Medical:Insurance                 27.38 USD
  Expenses:Health:Vision:Insurance                  42.30 USD
  Expenses:Taxes:Y2022:US:Medicare                 106.62 USD
  Expenses:Taxes:Y2022:US:Federal                 1062.92 USD
  Expenses:Taxes:Y2022:US:State                    365.08 USD
  Expenses:Taxes:Y2022:US:CityNYC                  174.92 USD
  Expenses:Taxes:Y2022:US:SDI                        1.12 USD
  Expenses:Taxes:Y2022:US:SocSec                   281.54 USD
  Assets:US:Federal:PreTax401k                    -500.00 IRAUSD
  Expenses:Taxes:Y2022:US:Federal:PreTax401k       500.00 IRAUSD
  Assets:US:Babble:Vacation                             5 VACHR
  Income:US:Babble:Vacation                            -5 VACHR

2022-08-18 * "Babble" "Payroll"
  Assets:US:BofA:Checking                         2550.60 USD
  Income:US:Babble:Salary                        -4615.38 USD
  Income:US:Babble:GroupTermLife                   -24.32 USD
  Expenses:Health:Life:GroupTermLife                24.32 USD
  Expenses:Health:Dental:Insurance                   2.90 USD
  Expenses:Health:Medical:Insurance                 27.38 USD
  Expenses:Health:Vision:Insurance                  42.30 USD
  Expenses:Taxes:Y2022:US:Medicare                 106.62 USD
  Expenses:Taxes:Y2022:US:Federal                 1062.92 USD
  Expenses:Taxes:Y2022:US:State                    365.08 USD
  Expenses:Taxes:Y2022:US:CityNYC                  174.92 USD
  Expenses:Taxes:Y2022:US:SDI                        1.12 USD
  Expenses:Taxes:Y2022:US:SocSec                   281.54 USD
  Assets:US:Federal:PreTax401k                       0.00 IRAUSD
  Assets:US:Babble:Vacation                             5 VACHR
  Income:US:Babble:Vacation                            -5 VACHR

2022-09-01 * "Babble" "Payroll"
  Assets:US:BofA:Checking                         2550.60 USD
  Income:US:Babble:Salary                        -4615.38 USD
  Income:US:Babble:GroupTermLife                   -24.32 USD
  Expenses:Health:Life:GroupTermLife                24.32 USD
  Expenses:Health:Dental:Insurance                   2.90 USD
  Expenses:Health:Medical:Insurance                 27.38 USD
  Expenses:Health:Vision:Insurance                  42.30 USD
  Expenses:Taxes:Y2022:US:Medicare                 106.62 USD
  Expenses:Taxes:Y2022:US:Federal                 1062.92 USD
  Expenses:Taxes:Y2022:US:State                    365.08 USD
  Expenses:Taxes:Y2022:US:CityNYC                  174.92 USD
  Expenses:Taxes:Y2022:US:SDI                        1.12 USD
  Expenses:Taxes:Y2022:US:SocSec                   281.54 USD
  Assets:US:Federal:PreTax401k                       0.00 IRAUSD
  Assets:US:Babble:Vacation                             5 VACHR
  Income:US:Babble:Vacation                            -5 VACHR

2022-09-15 * "Babble" "Payroll"
  Assets:US:BofA:Checking                         2550.60 USD
  Income:US:Babble:Salary                        -4615.38 USD
  Income:US:Babble:GroupTermLife                   -24.32 USD
  Expenses:Health:Life:GroupTermLife                24.32 USD
  Expenses:Health:Dental:Insurance                   2.90 USD
  Expenses:Health:Medical:Insurance                 27.38 USD
  Expenses:Health:Vision:Insurance                  42.30 USD
  Expenses:Taxes:Y2022:US:Medicare                 106.62 USD
  Expenses:Taxes:Y2022:US:Federal                 1062.92 USD
  Expenses:Taxes:Y2022:US:State                    365.08 USD
  Expenses:Taxes:Y2022:US:CityNYC                  174.92 USD
  Expenses:Taxes:Y2022:US:SDI                        1.12 USD
  Expenses:Taxes:Y2022:US:SocSec                   281.54 USD
  Assets:US:Federal:PreTax401k                       0.00 IRAUSD
  Assets:US:Babble:Vacation                             5 VACHR
  Income:US:Babble:Vacation                            -5 VACHR

2022-09-29 * "Babble" "Payroll"
  Assets:US:BofA:Checking                         2550.60 USD
  Income:US:Babble:Salary                        -4615.38 USD
  Income:US:Babble:GroupTermLife                   -24.32 USD
  Expenses:Health:Life:GroupTermLife                24.32 USD
  Expenses:Health:Dental:Insurance                   2.90 USD
  Expenses:Health:Medical:Insurance                 27.38 USD
  Expenses:Health:Vision:Insurance                  42.30 USD
  Expenses:Taxes:Y2022:US:Medicare                 106.62 USD
  Expenses:Taxes:Y2022:US:Federal                 1062.92 USD
  Expenses:Taxes:Y2022:US:State                    365.08 USD
  Expenses:Taxes:Y2022:US:CityNYC                  174.92 USD
  Expenses:Taxes:Y2022:US:SDI                        1.12 USD
  Expenses:Taxes:Y2022:US:SocSec                   281.54 USD
  Assets:US:Federal:PreTax401k                       0.00 IRAUSD
  Assets:US:Babble:Vacation                             5 VACHR
  Income:US:Babble:Vacation                            -5 VACHR

2022-10-13 * "Babble" "Payroll"
  Assets:US:BofA:Checking                         2550.60 USD
  Income:US:Babble:Salary                        -4615.38 USD
  Income:US:Babble:GroupTermLife                   -24.32 USD
  Expenses:Health:Life:GroupTermLife                24.32 USD
  Expenses:Health:Dental:Insurance                   2.90 USD
  Expenses:Health:Medical:Insurance                 27.38 USD
  Expenses:Health:Vision:Insurance                  42.30 USD
  Expenses:Taxes:Y2022:US:Medicare                 106.62 USD
  Expenses:Taxes:Y2022:US:Federal                 1062.92 USD
  Expenses:Taxes:Y2022:US:State                    365.08 USD
  Expenses:Taxes:Y2022:US:CityNYC                  174.92 USD
  Expenses:Taxes:Y2022:US:SDI                        1.12 USD
  Expenses:Taxes:Y2022:US:SocSec                   281.54 USD
  Assets:US:Federal:PreTax401k                       0.00 IRAUSD
  Assets:US:Babble:Vacation                             5 VACHR
  Income:US:Babble:Vacation                            -5 VACHR

2022-10-27 * "Babble" "Payroll"
  Assets:US:BofA:Checking                         2550.60 USD
  Income:US:Babble:Salary                        -4615.38 USD
  Income:US:Babble:GroupTermLife                   -24.32 USD
  Expenses:Health:Life:GroupTermLife                24.32 USD
  Expenses:Health:Dental:Insurance                   2.90 USD
  Expenses:Health:Medical:Insurance                 27.38 USD
  Expenses:Health:Vision:Insurance                  42.30 USD
  Expenses:Taxes:Y2022:US:Medicare                 106.62 USD
  Expenses:Taxes:Y2022:US:Federal                 1062.92 USD
  Expenses:Taxes:Y2022:US:State                    365.08 USD
  Expenses:Taxes:Y2022:US:CityNYC                  174.92 USD
  Expenses:Taxes:Y2022:US:SDI                        1.12 USD
  Expenses:Taxes:Y2022:US:SocSec                   281.54 USD
  Assets:US:Federal:PreTax401k                       0.00 IRAUSD
  Assets:US:Babble:Vacation                             5 VACHR
  Income:US:Babble:Vacation                            -5 VACHR

2022-11-10 * "Babble" "Payroll"
  Assets:US:BofA:Checking                         2550.60 USD
  Income:US:Babble:Salary                        -4615.38 USD
  Income:US:Babble:GroupTermLife                   -24.32 USD
  Expenses:Health:Life:GroupTermLife                24.32 USD
  Expenses:Health:Dental:Insurance                   2.90 USD
  Expenses:Health:Medical:Insurance                 27.38 USD
  Expenses:Health:Vision:Insurance                  42.30 USD
  Expenses:Taxes:Y2022:US:Medicare                 106.62 USD
  Expenses:Taxes:Y2022:US:Federal                 1062.92 USD
  Expenses:Taxes:Y2022:US:State                    365.08 USD
  Expenses:Taxes:Y2022:US:CityNYC                  174.92 USD
  Expenses:Taxes:Y2022:US:SDI                        1.12 USD
  Expenses:Taxes:Y2022:US:SocSec                   281.54 USD
  Assets:US:Federal:PreTax401k                       0.00 IRAUSD
  Assets:US:Babble:Vacation                             5 VACHR
  Income:US:Babble:Vacation                            -5 VACHR

2022-11-24 * "Babble" "Payroll"
  Assets:US:BofA:Checking                         2550.60 USD
  Income:US:Babble:Salary                        -4615.38 USD
  Income:US:Babble:GroupTermLife                   -24.32 USD
  Expenses:Health:Life:GroupTermLife                24.32 USD
  Expenses:Health:Dental:Insurance                   2.90 USD
  Expenses:Health:Medical:Insurance                 27.38 USD
  Expenses:Health:Vision:Insurance                  42.30 USD
  Expenses:Taxes:Y2022:US:Medicare                 106.62 USD
  Expenses:Taxes:Y2022:US:Federal                 1062.92 USD
  Expenses:Taxes:Y2022:US:State                    365.08 USD
  Expenses:Taxes:Y2022:US:CityNYC                  174.92 USD
  Expenses:Taxes:Y2022:US:SDI                        1.12 USD
  Expenses:Taxes:Y2022:US:SocSec                   281.54 USD
  Assets:US:Federal:PreTax401k                       0.00 IRAUSD
  Assets:US:Babble:Vacation                             5 VACHR
  Income:US:Babble:Vacation                            -5 VACHR

2022-12-08 * "Babble" "Payroll"
  Assets:US:BofA:Checking                         2589.06 USD
  Income:US:Babble:Salary                        -4615.38 USD
  Income:US:Babble:GroupTermLife                   -24.32 USD
  Expenses:Health:Life:GroupTermLife                24.32 USD
  Expenses:Health:Dental:Insurance                   2.90 USD
  Expenses:Health:Medical:Insurance                 27.38 USD
  Expenses:Health:Vision:Insurance                  42.30 USD
  Expenses:Taxes:Y2022:US:Medicare                 106.62 USD
  Expenses:Taxes:Y2022:US:Federal                 1062.92 USD
  Expenses:Taxes:Y2022:US:State                    365.08 USD
  Expenses:Taxes:Y2022:US:CityNYC                  174.92 USD
  Expenses:Taxes:Y2022:US:SDI                        1.12 USD
  Expenses:Taxes:Y2022:US:SocSec                   243.08 USD
  Assets:US:Federal:PreTax401k                       0.00 IRAUSD
  Assets:US:Babble:Vacation                             5 VACHR
  Income:US:Babble:Vacation                            -5 VACHR

2022-12-22 * "Babble" "Payroll"
  Assets:US:BofA:Checking                         2832.14 USD
  Income:US:Babble:Salary                        -4615.38 USD
  Income:US:Babble:GroupTermLife                   -24.32 USD
  Expenses:Health:Life:GroupTermLife                24.32 USD
  Expenses:Health:Dental:Insurance                   2.90 USD
  Expenses:Health:Medical:Insurance                 27.38 USD
  Expenses:Health:Vision:Insurance                  42.30 USD
  Expenses:Taxes:Y2022:US:Medicare                 106.62 USD
  Expenses:Taxes:Y2022:US:Federal                 1062.92 USD
  Expenses:Taxes:Y2022:US:State                    365.08 USD
  Expenses:Taxes:Y2022:US:CityNYC                  174.92 USD
  Expenses:Taxes:Y2022:US:SDI                        1.12 USD
  Expenses:Taxes:Y2022:US:SocSec                     0.00 USD
  Assets:US:Federal:PreTax401k                       0.00 IRAUSD
  Assets:US:Babble:Vacation                             5 VACHR
  Income:US:Babble:Vacation                            -5 VACHR

2023-01-05 * "Babble" "Payroll"
  Assets:US:BofA:Checking                         1350.60 USD
  Assets:US:Vanguard:Cash                         1200.00 USD
  Income:US:Babble:Salary                        -4615.38 USD
  Income:US:Babble:GroupTermLife                   -24.32 USD
  Expenses:Health:Life:GroupTermLife                24.32 USD
  Expenses:Health:Dental:Insurance                   2.90 USD
  Expenses:Health:Medical:Insurance                 27.38 USD
  Expenses:Health:Vision:Insurance                  42.30 USD
  Expenses:Taxes:Y2023:US:Medicare                 106.62 USD
  Expenses:Taxes:Y2023:US:Federal                 1062.92 USD
  Expenses:Taxes:Y2023:US:State                    365.08 USD
  Expenses:Taxes:Y2023:US:CityNYC                  174.92 USD
  Expenses:Taxes:Y2023:US:SDI                        1.12 USD
  Expenses:Taxes:Y2023:US:SocSec                   281.54 USD
  Assets:US:Federal:PreTax401k                   -1200.00 IRAUSD
  Expenses:Taxes:Y2023:US:Federal:PreTax401k      1200.00 IRAUSD
  Assets:US:Babble:Vacation                             5 VACHR
  Income:US:Babble:Vacation                            -5 VACHR

2023-01-19 * "Babble" "Payroll"
  Assets:US:BofA:Checking                         1350.60 USD
  Assets:US:Vanguard:Cash                         1200.00 USD
  Income:US:Babble:Salary                        -4615.38 USD
  Income:US:Babble:GroupTermLife                   -24.32 USD
  Expenses:Health:Life:GroupTermLife                24.32 USD
  Expenses:Health:Dental:Insurance                   2.90 USD
  Expenses:Health:Medical:Insurance                 27.38 USD
  Expenses:Health:Vision:Insurance                  42.30 USD
  Expenses:Taxes:Y2023:US:Medicare                 106.62 USD
  Expenses:Taxes:Y2023:US:Federal                 1062.92 USD
  Expenses:Taxes:Y2023:US:State                    365.08 USD
  Expenses:Taxes:Y2023:US:CityNYC                  174.92 USD
  Expenses:Taxes:Y2023:US:SDI                        1.12 USD
  Expenses:Taxes:Y2023:US:SocSec                   281.54 USD
  Assets:US:Federal:PreTax401k                   -1200.00 IRAUSD
  Expenses:Taxes:Y2023:US:Federal:PreTax401k      1200.00 IRAUSD
  Assets:US:Babble:Vacation                             5 VACHR
  Income:US:Babble:Vacation                            -5 VACHR

2023-02-02 * "Babble" "Payroll"
  Assets:US:BofA:Checking                         1350.60 USD
  Assets:US:Vanguard:Cash                         1200.00 USD
  Income:US:Babble:Salary                        -4615.38 USD
  Income:US:Babble:GroupTermLife                   -24.32 USD
  Expenses:Health:Life:GroupTermLife                24.32 USD
  Expenses:Health:Dental:Insurance                   2.90 USD
  Expenses:Health:Medical:Insurance                 27.38 USD
  Expenses:Health:Vision:Insurance                  42.30 USD
  Expenses:Taxes:Y2023:US:Medicare                 106.62 USD
  Expenses:Taxes:Y2023:US:Federal                 1062.92 USD
  Expenses:Taxes:Y2023:US:State                    365.08 USD
  Expenses:Taxes:Y2023:US:CityNYC                  174.92 USD
  Expenses:Taxes:Y2023:US:SDI                        1.12 USD
  Expenses:Taxes:Y2023:US:SocSec                   281.54 USD
  Assets:US:Federal:PreTax401k                   -1200.00 IRAUSD
  Expenses:Taxes:Y2023:US:Federal:PreTax401k      1200.00 IRAUSD
  Assets:US:Babble:Vacation                             5 VACHR
  Income:US:Babble:Vacation                            -5 VACHR

2023-02-16 * "Babble" "Payroll"
  Assets:US:BofA:Checking                         1350.60 USD
  Assets:US:Vanguard:Cash                         1200.00 USD
  Income:US:Babble:Salary                        -4615.38 USD
  Income:US:Babble:GroupTermLife                   -24.32 USD
  Expenses:Health:Life:GroupTermLife                24.32 USD
  Expenses:Health:Dental:Insurance                   2.90 USD
  Expenses:Health:Medical:Insurance                 27.38 USD
  Expenses:Health:Vision:Insurance                  42.30 USD
  Expenses:Taxes:Y2023:US:Medicare                 106.62 USD
  Expenses:Taxes:Y2023:US:Federal                 1062.92 USD
  Expenses:Taxes:Y2023:US:State                    365.08 USD
  Expenses:Taxes:Y2023:US:CityNYC                  174.92 USD
  Expenses:Taxes:Y2023:US:SDI                        1.12 USD
  Expenses:Taxes:Y2023:US:SocSec                   281.54 USD
  Assets:US:Federal:PreTax401k                   -1200.00 IRAUSD
  Expenses:Taxes:Y2023:US:Federal:PreTax401k      1200.00 IRAUSD
  Assets:US:Babble:Vacation                             5 VACHR
  Income:US:Babble:Vacation                            -5 VACHR

2023-03-02 * "Babble" "Payroll"
  Assets:US:BofA:Checking                         1350.60 USD
  Assets:US:Vanguard:Cash                         1200.00 USD
  Income:US:Babble:Salary                        -4615.38 USD
  Income:US:Babble:GroupTermLife                   -24.32 USD
  Expenses:Health:Life:GroupTermLife                24.32 USD
  Expenses:Health:Dental:Insurance                   2.90 USD
  Expenses:Health:Medical:Insurance                 27.38 USD
  Expenses:Health:Vision:Insurance                  42.30 USD
  Expenses:Taxes:Y2023:US:Medicare                 106.62 USD
  Expenses:Taxes:Y2023:US:Federal                 1062.92 USD
  Expenses:Taxes:Y2023:US:State                    365.08 USD
  Expenses:Taxes:Y2023:US:CityNYC                  174.92 USD
  Expenses:Taxes:Y2023:US:SDI                        1.12 USD
  Expenses:Taxes:Y2023:US:SocSec                   281.54 USD
  Assets:US:Federal:PreTax401k                   -1200.00 IRAUSD
  Expenses:Taxes:Y2023:US:Federal:PreTax401k      1200.00 IRAUSD
  Assets:US:Babble:Vacation                             5 VACHR
  Income:US:Babble:Vacation                            -5 VACHR

2023-03-16 * "Babble" "Payroll"
  Assets:US:BofA:Checking                         1350.60 USD
  Assets:US:Vanguard:Cash                         1200.00 USD
  Income:US:Babble:Salary                        -4615.38 USD
  Income:US:Babble:GroupTermLife                   -24.32 USD
  Expenses:Health:Life:GroupTermLife                24.32 USD
  Expenses:Health:Dental:Insurance                   2.90 USD
  Expenses:Health:Medical:Insurance                 27.38 USD
  Expenses:Health:Vision:Insurance                  42.30 USD
  Expenses:Taxes:Y2023:US:Medicare                 106.62 USD
  Expenses:Taxes:Y2023:US:Federal                 1062.92 USD
  Expenses:Taxes:Y2023:US:State                    365.08 USD
  Expenses:Taxes:Y2023:US:CityNYC                  174.92 USD
  Expenses:Taxes:Y2023:US:SDI                        1.12 USD
  Expenses:Taxes:Y2023:US:SocSec                   281.54 USD
  Assets:US:Federal:PreTax401k                   -1200.00 IRAUSD
  Expenses:Taxes:Y2023:US:Federal:PreTax401k      1200.00 IRAUSD
  Assets:US:Babble:Vacation                             5 VACHR
  Income:US:Babble:Vacation                            -5 VACHR

2023-03-30 * "Babble" "Payroll"
  Assets:US:BofA:Checking                         1350.60 USD
  Assets:US:Vanguard:Cash                         1200.00 USD
  Income:US:Babble:Salary                        -4615.38 USD
  Income:US:Babble:GroupTermLife                   -24.32 USD
  Expenses:Health:Life:GroupTermLife                24.32 USD
  Expenses:Health:Dental:Insurance                   2.90 USD
  Expenses:Health:Medical:Insurance                 27.38 USD
  Expenses:Health:Vision:Insurance                  42.30 USD
  Expenses:Taxes:Y2023:US:Medicare                 106.62 USD
  Expenses:Taxes:Y2023:US:Federal                 1062.92 USD
  Expenses:Taxes:Y2023:US:State                    365.08 USD
  Expenses:Taxes:Y2023:US:CityNYC                  174.92 USD
  Expenses:Taxes:Y2023:US:SDI                        1.12 USD
  Expenses:Taxes:Y2023:US:SocSec                   281.54 USD
  Assets:US:Federal:PreTax401k                   -1200.00 IRAUSD
  Expenses:Taxes:Y2023:US:Federal:PreTax401k      1200.00 IRAUSD
  Assets:US:Babble:Vacation                             5 VACHR
  Income:US:Babble:Vacation                            -5 VACHR

2023-04-13 * "Babble" "Payroll"
  Assets:US:BofA:Checking                         1350.60 USD
  Assets:US:Vanguard:Cash                         1200.00 USD
  Income:US:Babble:Salary                        -4615.38 USD
  Income:US:Babble:GroupTermLife                   -24.32 USD
  Expenses:Health:Life:GroupTermLife                24.32 USD
  Expenses:Health:Dental:Insurance                   2.90 USD
  Expenses:Health:Medical:Insurance                 27.38 USD
  Expenses:Health:Vision:Insurance                  42.30 USD
  Expenses:Taxes:Y2023:US:Medicare                 106.62 USD
  Expenses:Taxes:Y2023:US:Federal                 1062.92 USD
  Expenses:Taxes:Y2023:US:State                    365.08 USD
  Expenses:Taxes:Y2023:US:CityNYC                  174.92 USD
  Expenses:Taxes:Y2023:US:SDI                        1.12 USD
  Expenses:Taxes:Y2023:US:SocSec                   281.54 USD
  Assets:US:Federal:PreTax401k                   -1200.00 IRAUSD
  Expenses:Taxes:Y2023:US:Federal:PreTax401k      1200.00 IRAUSD
  Assets:US:Babble:Vacation                             5 VACHR
  Income:US:Babble:Vacation                            -5 VACHR

2023-04-27 * "Babble" "Payroll"
  Assets:US:BofA:Checking                         1350.60 USD
  Assets:US:Vanguard:Cash                         1200.00 USD
  Income:US:Babble:Salary                        -4615.38 USD
  Income:US:Babble:GroupTermLife                   -24.32 USD
  Expenses:Health:Life:GroupTermLife                24.32 USD
  Expenses:Health:Dental:Insurance                   2.90 USD
  Expenses:Health:Medical:Insurance                 27.38 USD
  Expenses:Health:Vision:Insurance                  42.30 USD
  Expenses:Taxes:Y2023:US:Medicare                 106.62 USD
  Expenses:Taxes:Y2023:US:Federal                 1062.92 USD
  Expenses:Taxes:Y2023:US:State                    365.08 USD
  Expenses:Taxes:Y2023:US:CityNYC                  174.92 USD
  Expenses:Taxes:Y2023:US:SDI                        1.12 USD
  Expenses:Taxes:Y2023:US:SocSec                   281.54 USD
  Assets:US:Federal:PreTax401k                   -1200.00 IRAUSD
  Expenses:Taxes:Y2023:US:Federal:PreTax401k      1200.00 IRAUSD
  Assets:US:Babble:Vacation                             5 VACHR
  Income:US:Babble:Vacation                            -5 VACHR

2023-05-11 * "Babble" "Payroll"
  Assets:US:BofA:Checking                         1350.60 USD
  Assets:US:Vanguard:Cash                         1200.00 USD
  Income:US:Babble:Salary                        -4615.38 USD
  Income:US:Babble:GroupTermLife                   -24.32 USD
  Expenses:Health:Life:GroupTermLife                24.32 USD
  Expenses:Health:Dental:Insurance                   2.90 USD
  Expenses:Health:Medical:Insurance                 27.38 USD
  Expenses:Health:Vision:Insurance                  42.30 USD
  Expenses:Taxes:Y2023:US:Medicare                 106.62 USD
  Expenses:Taxes:Y2023:US:Federal                 1062.92 USD
  Expenses:Taxes:Y2023:US:State                    365.08 USD
  Expenses:Taxes:Y2023:US:CityNYC                  174.92 USD
  Expenses:Taxes:Y2023:US:SDI                        1.12 USD
  Expenses:Taxes:Y2023:US:SocSec                   281.54 USD
  Assets:US:Federal:PreTax401k                   -1200.00 IRAUSD
  Expenses:Taxes:Y2023:US:Federal:PreTax401k      1200.00 IRAUSD
  Assets:US:Babble:Vacation                             5 VACHR
  Income:US:Babble:Vacation                            -5 VACHR

2023-05-25 * "Babble" "Payroll"
  Assets:US:BofA:Checking                         1350.60 USD
  Assets:US:Vanguard:Cash                         1200.00 USD
  Income:US:Babble:Salary                        -4615.38 USD
  Income:US:Babble:GroupTermLife                   -24.32 USD
  Expenses:Health:Life:GroupTermLife                24.32 USD
  Expenses:Health:Dental:Insurance                   2.90 USD
  Expenses:Health:Medical:Insurance                 27.38 USD
  Expenses:Health:Vision:Insurance                  42.30 USD
  Expenses:Taxes:Y2023:US:Medicare                 106.62 USD
  Expenses:Taxes:Y2023:US:Federal                 1062.92 USD
  Expenses:Taxes:Y2023:US:State                    365.08 USD
  Expenses:Taxes:Y2023:US:CityNYC                  174.92 USD
  Expenses:Taxes:Y2023:US:SDI                        1.12 USD
  Expenses:Taxes:Y2023:US:SocSec                   281.54 USD
  Assets:US:Federal:PreTax401k                   -1200.00 IRAUSD
  Expenses:Taxes:Y2023:US:Federal:PreTax401k      1200.00 IRAUSD
  Assets:US:Babble:Vacation                             5 VACHR
  Income:US:Babble:Vacation                            -5 VACHR

2023-06-08 * "Babble" "Payroll"
  Assets:US:BofA:Checking                         1350.60 USD
  Assets:US:Vanguard:Cash                         1200.00 USD
  Income:US:Babble:Salary                        -4615.38 USD
  Income:US:Babble:GroupTermLife                   -24.32 USD
  Expenses:Health:Life:GroupTermLife                24.32 USD
  Expenses:Health:Dental:Insurance                   2.90 USD
  Expenses:Health:Medical:Insurance                 27.38 USD
  Expenses:Health:Vision:Insurance                  42.30 USD
  Expenses:Taxes:Y2023:US:Medicare                 106.62 USD
  Expenses:Taxes:Y2023:US:Federal                 1062.92 USD
  Expenses:Taxes:Y2023:US:State                    365.08 USD
  Expenses:Taxes:Y2023:US:CityNYC                  174.92 USD
  Expenses:Taxes:Y2023:US:SDI                        1.12 USD
  Expenses:Taxes:Y2023:US:SocSec                   281.54 USD
  Assets:US:Federal:PreTax401k                   -1200.00 IRAUSD
  Expenses:Taxes:Y2023:US:Federal:PreTax401k      1200.00 IRAUSD
  Assets:US:Babble:Vacation                             5 VACHR
  Income:US:Babble:Vacation                            -5 VACHR

2023-06-22 * "Babble" "Payroll"
  Assets:US:BofA:Checking                         1350.60 USD
  Assets:US:Vanguard:Cash                         1200.00 USD
  Income:US:Babble:Salary                        -4615.38 USD
  Income:US:Babble:GroupTermLife                   -24.32 USD
  Expenses:Health:Life:GroupTermLife                24.32 USD
  Expenses:Health:Dental:Insurance                   2.90 USD
  Expenses:Health:Medical:Insurance                 27.38 USD
  Expenses:Health:Vision:Insurance                  42.30 USD
  Expenses:Taxes:Y2023:US:Medicare                 106.62 USD
  Expenses:Taxes:Y2023:US:Federal                 1062.92 USD
  Expenses:Taxes:Y2023:US:State                    365.08 USD
  Expenses:Taxes:Y2023:US:CityNYC                  174.92 USD
  Expenses:Taxes:Y2023:US:SDI                        1.12 USD
  Expenses:Taxes:Y2023:US:SocSec                   281.54 USD
  Assets:US:Federal:PreTax401k                   -1200.00 IRAUSD
  Expenses:Taxes:Y2023:US:Federal:PreTax401k      1200.00 IRAUSD
  Assets:US:Babble:Vacation                             5 VACHR
  Income:US:Babble:Vacation                            -5 VACHR



* Taxes

1980-05-12 open Income:US:Federal:PreTax401k                    IRAUSD
1980-05-12 open Assets:US:Federal:PreTax401k                    IRAUSD



** Tax Year 2021

2021-01-01 open Expenses:Taxes:Y2021:US:Federal:PreTax401k      IRAUSD
2021-01-01 open Expenses:Taxes:Y2021:US:Medicare                USD
2021-01-01 open Expenses:Taxes:Y2021:US:Federal                 USD
2021-01-01 open Expenses:Taxes:Y2021:US:CityNYC                 USD
2021-01-01 open Expenses:Taxes:Y2021:US:SDI                     USD
2021-01-01 open Expenses:Taxes:Y2021:US:State                   USD
2021-01-01 open Expenses:Taxes:Y2021:US:SocSec                  USD

2021-01-01 balance Assets:US:Federal:PreTax401k         0 IRAUSD

2021-01-01 * "Allowed contributions for one year"
  Income:US:Federal:PreTax401k                     -18500 IRAUSD
  Assets:US:Federal:PreTax401k                      18500 IRAUSD

2022-03-23 * "Filing taxes for 2021"
  Expenses:Taxes:Y2021:US:Federal                  579.89 USD
  Expenses:Taxes:Y2021:US:State                    126.47 USD
  Liabilities:AccountsPayable                     -706.36 USD

2022-03-23 * "FEDERAL TAXPYMT"
  Assets:US:BofA:Checking                         -579.89 USD
  Liabilities:AccountsPayable                      579.89 USD

2022-03-23 * "STATE TAX & FINANC PYMT"
  Assets:US:BofA:Checking                         -126.47 USD
  Liabilities:AccountsPayable                      126.47 USD



** Tax Year 2022

2022-01-01 open Expenses:Taxes:Y2022:US:Federal:PreTax401k      IRAUSD
2022-01-01 open Expenses:Taxes:Y2022:US:Medicare                USD
2022-01-01 open Expenses:Taxes:Y2022:US:Federal                 USD
2022-01-01 open Expenses:Taxes:Y2022:US:CityNYC                 USD
2022-01-01 open Expenses:Taxes:Y2022:US:SDI                     USD
2022-01-01 open Expenses:Taxes:Y2022:US:State                   USD
2022-01-01 open Expenses:Taxes:Y2022:US:SocSec                  USD

2022-01-01 balance Assets:US:Federal:PreTax401k         0 IRAUSD

2022-01-01 * "Allowed contributions for one year"
  Income:US:Federal:PreTax401k                     -18500 IRAUSD
  Assets:US:Federal:PreTax401k                      18500 IRAUSD

2023-03-24 * "Filing taxes for 2022"
  Expenses:Taxes:Y2022:US:Federal                  401.83 USD
  Expenses:Taxes:Y2022:US:State                    252.58 USD
  Liabilities:AccountsPayable                     -654.41 USD

2023-03-27 * "FEDERAL TAXPYMT"
  Assets:US:BofA:Checking                         -401.83 USD
  Liabilities:AccountsPayable                      401.83 USD

2023-03-27 * "STATE TAX & FINANC PYMT"
  Assets:US:BofA:Checking                         -252.58 USD
  Liabilities:AccountsPayable                      252.58 USD



** Tax Year 2023

2023-01-01 open Expenses:Taxes:Y2023:US:Federal:PreTax401k      IRAUSD
2023-01-01 open Expenses:Taxes:Y2023:US:Medicare                USD
2023-01-01 open Expenses:Taxes:Y2023:US:Federal                 USD
2023-01-01 open Expenses:Taxes:Y2023:US:CityNYC                 USD
2023-01-01 open Expenses:Taxes:Y2023:US:SDI                     USD
2023-01-01 open Expenses:Taxes:Y2023:US:State                   USD
2023-01-01 open Expenses:Taxes:Y2023:US:SocSec                  USD

2023-01-01 balance Assets:US:Federal:PreTax401k         0 IRAUSD

2023-01-01 * "Allowed contributions for one year"
  Income:US:Federal:PreTax401k                     -18500 IRAUSD
  Assets:US:Federal:PreTax401k                      18500 IRAUSD



* Expenses

1980-05-12 open Expenses:Food:Groceries
1980-05-12 open Expenses:Food:Restaurant
1980-05-12 open Expenses:Food:Coffee
1980-05-12 open Expenses:Food:Alcohol
1980-05-12 open Expenses:Transport:Tram
1980-05-12 open Expenses:Home:Rent
1980-05-12 open Expenses:Home:Electricity
1980-05-12 open Expenses:Home:Internet
1980-05-12 open Expenses:Home:Phone
1980-05-12 open Expenses:Financial:Fees
1980-05-12 open Expenses:Financial:Commissions



* Prices

2021-01-01 price VBMPX                              95.27 USD
2021-01-01 price RGAGX                             143.74 USD
2021-01-01 price ITOT                              123.40 USD
2021-01-01 price VEA                                86.36 USD
2021-01-01 price VHT                                64.03 USD
2021-01-01 price GLD                               176.58 USD
2021-01-08 price VBMPX                              94.22 USD
2021-01-08 price RGAGX                             140.80 USD
2021-01-08 price ITOT                              122.64 USD
2021-01-08 price VEA                                86.16 USD
2021-01-08 price VHT                                63.58 USD
2021-01-08 price GLD                               180.64 USD
2021-01-15 price VBMPX                              95.34 USD
2021-01-15 price RGAGX                             142.15 USD
2021-01-15 price ITOT                              123.74 USD
2021-01-15 price VEA                                85.78 USD
2021-01-15 price VHT                                63.50 USD
2021-01-15 price GLD                               172.54 USD
2021-01-22 price VBMPX                              93.85 USD
2021-01-22 price RGAGX                             142.47 USD
2021-01-22 price ITOT                              124.12 USD
2021-01-22 price VEA                                85.89 USD
2021-01-22 price VHT                                65.07 USD
2021-01-22 price GLD                               172.10 USD
2021-01-29 price VBMPX                              94.26 USD
2021-01-29 price RGAGX                             142.38 USD
2021-01-29 price ITOT                              125.10 USD
2021-01-29 price VEA                                86.05 USD
2021-01-29 price VHT                                62.42 USD
2021-01-29 price GLD                               172.57 USD
2021-02-05 price VBMPX                              94.24 USD
2021-02-05 price RGAGX                             141.70 USD
2021-02-05 price ITOT                              124.50 USD
2021-02-05 price VEA                                85.70 USD
2021-02-05 price VHT                                64.60 USD
2021-02-05 price GLD                               170.82 USD
2021-02-12 price VBMPX                              94.90 USD
2021-02-12 price RGAGX                             143.42 USD
2021-02-12 price ITOT                              124.78 USD
2021-02-12 price VEA                                85.61 USD
2021-02-12 price VHT                                64.03 USD
2021-02-12 price GLD                               166.41 USD
2021-02-19 price VBMPX                              94.44 USD
2021-02-19 price RGAGX                             145.27 USD
2021-02-19 price ITOT                              124.81 USD
2021-02-19 price VEA                                83.60 USD
2021-02-19 price VHT                                62.62 USD
2021-02-19 price GLD                               168.20 USD
2021-02-26 price VBMPX                              95.08 USD
2021-02-26 price RGAGX                             144.31 USD
2021-02-26 price ITOT                              125.27 USD
2021-02-26 price VEA                                82.81 USD
2021-02-26 price VHT                                63.26 USD
2021-02-26 price GLD                               168.23 USD
2021-03-05 price VBMPX                              95.46 USD
2021-03-05 price RGAGX                             147.02 USD
2021-03-05 price ITOT                              125.47 USD
2021-03-05 price VEA                                82.66 USD
2021-03-05 price VHT                                61.94 USD
2021-03-05 price GLD                               170.86 USD
2021-03-12 price VBMPX                              97.35 USD
2021-03-12 price RGAGX                             148.17 USD
2021-03-12 price ITOT                              126.55 USD
2021-03-12 price VEA                                82.19 USD
2021-03-12 price VHT                                63.62 USD
2021-03-12 price GLD                               167.59 USD
2021-03-19 price VBMPX                              98.20 USD
2021-03-19 price RGAGX                             149.36 USD
2021-03-19 price ITOT                              127.84 USD
2021-03-19 price VEA                                81.61 USD
2021-03-19 price VHT                                64.63 USD
2021-03-19 price GLD                               169.17 USD
2021-03-26 price VBMPX                              98.66 USD
2021-03-26 price RGAGX                             152.23 USD
2021-03-26 price ITOT                              128.55 USD
2021-03-26 price VEA                                81.78 USD
2021-03-26 price VHT                                65.33 USD
2021-03-26 price GLD                               168.69 USD
2021-04-02 price VBMPX                              98.82 USD
2021-04-02 price RGAGX                             145.98 USD
2021-04-02 price ITOT                              128.83 USD
2021-04-02 price VEA                                81.62 USD
2021-04-02 price VHT                                65.27 USD
2021-04-02 price GLD                               166.47 USD
2021-04-09 price VBMPX                              96.94 USD
2021-04-09 price RGAGX                             147.91 USD
2021-04-09 price ITOT                              129.01 USD
2021-04-09 price VEA                                83.59 USD
2021-04-09 price VHT                                66.60 USD
2021-04-09 price GLD                               169.14 USD
2021-04-16 price VBMPX                              95.30 USD
2021-04-16 price RGAGX                             146.38 USD
2021-04-16 price ITOT                              129.54 USD
2021-04-16 price VEA                                83.58 USD
2021-04-16 price VHT                                65.43 USD
2021-04-16 price GLD                               172.01 USD
2021-04-23 price VBMPX                              96.36 USD
2021-04-23 price RGAGX                             147.46 USD
2021-04-23 price ITOT                              133.28 USD
2021-04-23 price VEA                                83.03 USD
2021-04-23 price VHT                                65.26 USD
2021-04-23 price GLD                               175.51 USD
2021-04-30 price VBMPX                              94.76 USD
2021-04-30 price RGAGX                             145.43 USD
2021-04-30 price ITOT                              133.85 USD
2021-04-30 price VEA                                82.44 USD
2021-04-30 price VHT                                63.93 USD
2021-04-30 price GLD                               177.78 USD
2021-05-07 price VBMPX                              95.09 USD
2021-05-07 price RGAGX                             145.76 USD
2021-05-07 price ITOT                              135.17 USD
2021-05-07 price VEA                                81.56 USD
2021-05-07 price VHT                                65.66 USD
2021-05-07 price GLD                               182.25 USD
2021-05-14 price VBMPX                              96.03 USD
2021-05-14 price RGAGX                             145.30 USD
2021-05-14 price ITOT                              133.90 USD
2021-05-14 price VEA                                81.55 USD
2021-05-14 price VHT                                65.18 USD
2021-05-14 price GLD                               183.06 USD
2021-05-21 price VBMPX                              97.00 USD
2021-05-21 price RGAGX                             146.62 USD
2021-05-21 price ITOT                              133.39 USD
2021-05-21 price VEA                                82.93 USD
2021-05-21 price VHT                                64.49 USD
2021-05-21 price GLD                               181.80 USD
2021-05-28 price VBMPX                              97.11 USD
2021-05-28 price RGAGX                             145.06 USD
2021-05-28 price ITOT                              134.69 USD
2021-05-28 price VEA                                82.81 USD
2021-05-28 price VHT                                63.97 USD
2021-05-28 price GLD                               182.21 USD
2021-06-04 price VBMPX                              94.57 USD
2021-06-04 price RGAGX                             146.95 USD
2021-06-04 price ITOT                              133.97 USD
2021-06-04 price VEA                                84.35 USD
2021-06-04 price VHT                                63.23 USD
2021-06-04 price GLD                               181.62 USD
2021-06-11 price VBMPX                              95.02 USD
2021-06-11 price RGAGX                             149.42 USD
2021-06-11 price ITOT                              133.44 USD
2021-06-11 price VEA                                84.92 USD
2021-06-11 price VHT                                64.20 USD
2021-06-11 price GLD                               179.70 USD
2021-06-18 price VBMPX                              94.77 USD
2021-06-18 price RGAGX                             151.30 USD
2021-06-18 price ITOT                              133.31 USD
2021-06-18 price VEA                                85.75 USD
2021-06-18 price VHT                                64.97 USD
2021-06-18 price GLD                               176.05 USD
2021-06-25 price VBMPX                              95.84 USD
2021-06-25 price RGAGX                             152.04 USD
2021-06-25 price ITOT                              133.35 USD
2021-06-25 price VEA                                84.49 USD
2021-06-25 price VHT                                63.47 USD
2021-06-25 price GLD                               173.93 USD
2021-07-02 price VBMPX                              95.19 USD
2021-07-02 price RGAGX                             153.20 USD
2021-07-02 price ITOT                              135.91 USD
2021-07-02 price VEA                                85.35 USD
2021-07-02 price VHT                                62.82 USD
2021-07-02 price GLD                               170.12 USD
2021-07-09 price VBMPX                              94.11 USD
2021-07-09 price RGAGX                             151.22 USD
2021-07-09 price ITOT                              136.30 USD
2021-07-09 price VEA                                85.70 USD
2021-07-09 price VHT                                61.69 USD
2021-07-09 price GLD                               169.37 USD
2021-07-16 price VBMPX                              95.15 USD
2021-07-16 price RGAGX                             152.44 USD
2021-07-16 price ITOT                              134.87 USD
2021-07-16 price VEA                                85.82 USD
2021-07-16 price VHT                                62.38 USD
2021-07-16 price GLD                               166.22 USD
2021-07-23 price VBMPX                              91.05 USD
2021-07-23 price RGAGX                             152.15 USD
2021-07-23 price ITOT                              134.15 USD
2021-07-23 price VEA                                86.99 USD
2021-07-23 price VHT                                62.66 USD
2021-07-23 price GLD                               167.05 USD
2021-07-30 price VBMPX                              93.33 USD
2021-07-30 price RGAGX                             150.15 USD
2021-07-30 price ITOT                              133.24 USD
2021-07-30 price VEA                                87.57 USD
2021-07-30 price VHT                                63.63 USD
2021-07-30 price GLD                               166.81 USD
2021-08-06 price VBMPX                              95.47 USD
2021-08-06 price RGAGX                             144.62 USD
2021-08-06 price ITOT                              133.57 USD
2021-08-06 price VEA                                87.66 USD
2021-08-06 price VHT                                64.16 USD
2021-08-06 price GLD                               162.83 USD
2021-08-13 price VBMPX                              94.88 USD
2021-08-13 price RGAGX                             144.94 USD
2021-08-13 price ITOT                              133.73 USD
2021-08-13 price VEA                                87.67 USD
2021-08-13 price VHT                                64.26 USD
2021-08-13 price GLD                               163.47 USD
2021-08-20 price VBMPX                              95.73 USD
2021-08-20 price RGAGX                             146.29 USD
2021-08-20 price ITOT                              132.79 USD
2021-08-20 price VEA                                86.95 USD
2021-08-20 price VHT                                65.67 USD
2021-08-20 price GLD                               165.42 USD
2021-08-27 price VBMPX                              93.45 USD
2021-08-27 price RGAGX                             148.83 USD
2021-08-27 price ITOT                              133.16 USD
2021-08-27 price VEA                                87.67 USD
2021-08-27 price VHT                                67.47 USD
2021-08-27 price GLD                               164.96 USD
2021-09-03 price VBMPX                              93.55 USD
2021-09-03 price RGAGX                             148.22 USD
2021-09-03 price ITOT                              132.60 USD
2021-09-03 price VEA                                88.34 USD
2021-09-03 price VHT                                68.62 USD
2021-09-03 price GLD                               164.14 USD
2021-09-10 price VBMPX                              94.00 USD
2021-09-10 price RGAGX                             147.89 USD
2021-09-10 price ITOT                              131.96 USD
2021-09-10 price VEA                                88.37 USD
2021-09-10 price VHT                                70.69 USD
2021-09-10 price GLD                               164.02 USD
2021-09-17 price VBMPX                              92.82 USD
2021-09-17 price RGAGX                             151.23 USD
2021-09-17 price ITOT                              132.15 USD
2021-09-17 price VEA                                90.20 USD
2021-09-17 price VHT                                70.92 USD
2021-09-17 price GLD                               166.98 USD
2021-09-24 price VBMPX                              93.18 USD
2021-09-24 price RGAGX                             151.89 USD
2021-09-24 price ITOT                              131.52 USD
2021-09-24 price VEA                                90.00 USD
2021-09-24 price VHT                                70.89 USD
2021-09-24 price GLD                               169.09 USD
2021-10-01 price VBMPX                              91.68 USD
2021-10-01 price RGAGX                             153.95 USD
2021-10-01 price ITOT                              131.71 USD
2021-10-01 price VEA                                90.57 USD
2021-10-01 price VHT                                72.17 USD
2021-10-01 price GLD                               166.22 USD
2021-10-08 price VBMPX                              92.18 USD
2021-10-08 price RGAGX                             153.38 USD
2021-10-08 price ITOT                              129.52 USD
2021-10-08 price VEA                                90.84 USD
2021-10-08 price VHT                                73.62 USD
2021-10-08 price GLD                               167.63 USD
2021-10-15 price VBMPX                              91.95 USD
2021-10-15 price RGAGX                             153.54 USD
2021-10-15 price ITOT                              128.03 USD
2021-10-15 price VEA                                92.52 USD
2021-10-15 price VHT                                76.13 USD
2021-10-15 price GLD                               166.47 USD
2021-10-22 price VBMPX                              90.95 USD
2021-10-22 price RGAGX                             155.16 USD
2021-10-22 price ITOT                              128.10 USD
2021-10-22 price VEA                                92.52 USD
2021-10-22 price VHT                                76.90 USD
2021-10-22 price GLD                               165.98 USD
2021-10-29 price VBMPX                              91.10 USD
2021-10-29 price RGAGX                             155.09 USD
2021-10-29 price ITOT                              128.86 USD
2021-10-29 price VEA                                92.49 USD
2021-10-29 price VHT                                75.86 USD
2021-10-29 price GLD                               165.52 USD
2021-11-05 price VBMPX                              92.02 USD
2021-11-05 price RGAGX                             155.91 USD
2021-11-05 price ITOT                              128.77 USD
2021-11-05 price VEA                                92.83 USD
2021-11-05 price VHT                                75.94 USD
2021-11-05 price GLD                               161.38 USD
2021-11-12 price VBMPX                              92.94 USD
2021-11-12 price RGAGX                             155.45 USD
2021-11-12 price ITOT                              129.04 USD
2021-11-12 price VEA                                93.39 USD
2021-11-12 price VHT                                76.84 USD
2021-11-12 price GLD                               160.71 USD
2021-11-19 price VBMPX                              93.51 USD
2021-11-19 price RGAGX                             155.07 USD
2021-11-19 price ITOT                              128.82 USD
2021-11-19 price VEA                                92.91 USD
2021-11-19 price VHT                                79.15 USD
2021-11-19 price GLD                               159.92 USD
2021-11-26 price VBMPX                              93.99 USD
2021-11-26 price RGAGX                             153.14 USD
2021-11-26 price ITOT                              129.66 USD
2021-11-26 price VEA                                93.86 USD
2021-11-26 price VHT                                81.34 USD
2021-11-26 price GLD                               162.82 USD
2021-12-03 price VBMPX                              93.44 USD
2021-12-03 price RGAGX                             151.41 USD
2021-12-03 price ITOT                              129.27 USD
2021-12-03 price VEA                                95.08 USD
2021-12-03 price VHT                                83.75 USD
2021-12-03 price GLD                               160.94 USD
2021-12-10 price VBMPX                              93.44 USD
2021-12-10 price RGAGX                             153.46 USD
2021-12-10 price ITOT                              129.99 USD
2021-12-10 price VEA                                95.80 USD
2021-12-10 price VHT                                82.04 USD
2021-12-10 price GLD                               166.78 USD
2021-12-17 price VBMPX                              93.05 USD
2021-12-17 price RGAGX                             153.95 USD
2021-12-17 price ITOT                              130.12 USD
2021-12-17 price VEA                                96.71 USD
2021-12-17 price VHT                                85.51 USD
2021-12-17 price GLD                               165.30 USD
2021-12-24 price VBMPX                              95.77 USD
2021-12-24 price RGAGX                             153.65 USD
2021-12-24 price ITOT                              129.72 USD
2021-12-24 price VEA                                95.39 USD
2021-12-24 price VHT                                86.19 USD
2021-12-24 price GLD                               164.84 USD
2021-12-31 price VBMPX                              96.53 USD
2021-12-31 price RGAGX                             151.89 USD
2021-12-31 price ITOT                              129.75 USD
2021-12-31 price VEA                                95.07 USD
2021-12-31 price VHT                                89.06 USD
2021-12-31 price GLD                               161.69 USD
2022-01-07 price VBMPX                              95.90 USD
2022-01-07 price RGAGX                             152.14 USD
2022-01-07 price ITOT                              127.78 USD
2022-01-07 price VEA                                94.75 USD
2022-01-07 price VHT                                86.18 USD
2022-01-07 price GLD                               159.98 USD
2022-01-14 price VBMPX                              96.42 USD
2022-01-14 price RGAGX                             153.49 USD
2022-01-14 price ITOT                              128.46 USD
2022-01-14 price VEA                                95.43 USD
2022-01-14 price VHT                                86.20 USD
2022-01-14 price GLD                               153.40 USD
2022-01-21 price VBMPX                              96.91 USD
2022-01-21 price RGAGX                             152.79 USD
2022-01-21 price ITOT                              130.11 USD
2022-01-21 price VEA                                93.95 USD
2022-01-21 price VHT                                87.18 USD
2022-01-21 price GLD                               153.16 USD
2022-01-28 price VBMPX                              97.80 USD
2022-01-28 price RGAGX                             152.06 USD
2022-01-28 price ITOT                              130.53 USD
2022-01-28 price VEA                                94.14 USD
2022-01-28 price VHT                                87.36 USD
2022-01-28 price GLD                               150.18 USD
2022-02-04 price VBMPX                              96.38 USD
2022-02-04 price RGAGX                             147.93 USD
2022-02-04 price ITOT                              130.89 USD
2022-02-04 price VEA                                93.52 USD
2022-02-04 price VHT                                89.84 USD
2022-02-04 price GLD                               142.48 USD
2022-02-11 price VBMPX                              96.48 USD
2022-02-11 price RGAGX                             150.64 USD
2022-02-11 price ITOT                              129.19 USD
2022-02-11 price VEA                                94.25 USD
2022-02-11 price VHT                                88.78 USD
2022-02-11 price GLD                               142.08 USD
2022-02-18 price VBMPX                              95.59 USD
2022-02-18 price RGAGX                             150.56 USD
2022-02-18 price ITOT                              130.11 USD
2022-02-18 price VEA                                94.27 USD
2022-02-18 price VHT                                88.48 USD
2022-02-18 price GLD                               144.07 USD
2022-02-25 price VBMPX                              96.76 USD
2022-02-25 price RGAGX                             146.83 USD
2022-02-25 price ITOT                              130.82 USD
2022-02-25 price VEA                                93.92 USD
2022-02-25 price VHT                                90.38 USD
2022-02-25 price GLD                               145.19 USD
2022-03-04 price VBMPX                              95.11 USD
2022-03-04 price RGAGX                             146.99 USD
2022-03-04 price ITOT                              131.30 USD
2022-03-04 price VEA                                94.57 USD
2022-03-04 price VHT                                89.24 USD
2022-03-04 price GLD                               146.07 USD
2022-03-11 price VBMPX                              94.98 USD
2022-03-11 price RGAGX                             143.95 USD
2022-03-11 price ITOT                              131.91 USD
2022-03-11 price VEA                                94.14 USD
2022-03-11 price VHT                                87.04 USD
2022-03-11 price GLD                               147.49 USD
2022-03-18 price VBMPX                              95.57 USD
2022-03-18 price RGAGX                             142.79 USD
2022-03-18 price ITOT                              130.78 USD
2022-03-18 price VEA                                92.85 USD
2022-03-18 price VHT                                86.11 USD
2022-03-18 price GLD                               146.84 USD
2022-03-25 price VBMPX                              97.25 USD
2022-03-25 price RGAGX                             141.72 USD
2022-03-25 price ITOT                              130.08 USD
2022-03-25 price VEA                                92.74 USD
2022-03-25 price VHT                                83.90 USD
2022-03-25 price GLD                               147.33 USD
2022-04-01 price VBMPX                              98.14 USD
2022-04-01 price RGAGX                             142.75 USD
2022-04-01 price ITOT                              130.20 USD
2022-04-01 price VEA                                93.74 USD
2022-04-01 price VHT                                84.87 USD
2022-04-01 price GLD                               147.88 USD
2022-04-08 price VBMPX                              98.41 USD
2022-04-08 price RGAGX                             143.36 USD
2022-04-08 price ITOT                              131.18 USD
2022-04-08 price VEA                                92.58 USD
2022-04-08 price VHT                                86.22 USD
2022-04-08 price GLD                               148.70 USD
2022-04-15 price VBMPX                              99.73 USD
2022-04-15 price RGAGX                             145.16 USD
2022-04-15 price ITOT                              132.25 USD
2022-04-15 price VEA                                92.10 USD
2022-04-15 price VHT                                86.33 USD
2022-04-15 price GLD                               148.94 USD
2022-04-22 price VBMPX                             101.23 USD
2022-04-22 price RGAGX                             145.80 USD
2022-04-22 price ITOT                              133.80 USD
2022-04-22 price VEA                                93.54 USD
2022-04-22 price VHT                                85.48 USD
2022-04-22 price GLD                               147.13 USD
2022-04-29 price VBMPX                              99.13 USD
2022-04-29 price RGAGX                             145.42 USD
2022-04-29 price ITOT                              134.17 USD
2022-04-29 price VEA                                94.24 USD
2022-04-29 price VHT                                89.24 USD
2022-04-29 price GLD                               148.39 USD
2022-05-06 price VBMPX                              96.31 USD
2022-05-06 price RGAGX                             143.21 USD
2022-05-06 price ITOT                              134.03 USD
2022-05-06 price VEA                                95.18 USD
2022-05-06 price VHT                                87.93 USD
2022-05-06 price GLD                               150.40 USD
2022-05-13 price VBMPX                              95.41 USD
2022-05-13 price RGAGX                             144.87 USD
2022-05-13 price ITOT                              134.30 USD
2022-05-13 price VEA                                95.00 USD
2022-05-13 price VHT                                87.36 USD
2022-05-13 price GLD                               150.54 USD
2022-05-20 price VBMPX                              97.77 USD
2022-05-20 price RGAGX                             145.99 USD
2022-05-20 price ITOT                              136.07 USD
2022-05-20 price VEA                                94.56 USD
2022-05-20 price VHT                                90.48 USD
2022-05-20 price GLD                               152.06 USD
2022-05-27 price VBMPX                              97.14 USD
2022-05-27 price RGAGX                             146.37 USD
2022-05-27 price ITOT                              139.18 USD
2022-05-27 price VEA                                95.02 USD
2022-05-27 price VHT                                89.43 USD
2022-05-27 price GLD                               145.78 USD
2022-06-03 price VBMPX                              94.03 USD
2022-06-03 price RGAGX                             150.61 USD
2022-06-03 price ITOT                              140.03 USD
2022-06-03 price VEA                                95.22 USD
2022-06-03 price VHT                                89.97 USD
2022-06-03 price GLD                               144.64 USD
2022-06-10 price VBMPX                              94.85 USD
2022-06-10 price RGAGX                             153.07 USD
2022-06-10 price ITOT                              140.17 USD
2022-06-10 price VEA                                96.29 USD
2022-06-10 price VHT                                89.36 USD
2022-06-10 price GLD                               146.96 USD
2022-06-17 price VBMPX                              93.79 USD
2022-06-17 price RGAGX                             153.34 USD
2022-06-17 price ITOT                              138.81 USD
2022-06-17 price VEA                                96.95 USD
2022-06-17 price VHT                                87.30 USD
2022-06-17 price GLD                               147.20 USD
2022-06-24 price VBMPX                              93.02 USD
2022-06-24 price RGAGX                             152.35 USD
2022-06-24 price ITOT                              139.25 USD
2022-06-24 price VEA                                97.46 USD
2022-06-24 price VHT                                85.61 USD
2022-06-24 price GLD                               148.28 USD
2022-07-01 price VBMPX                              91.43 USD
2022-07-01 price RGAGX                             152.22 USD
2022-07-01 price ITOT                              140.75 USD
2022-07-01 price VEA                                98.00 USD
2022-07-01 price VHT                                88.23 USD
2022-07-01 price GLD                               151.29 USD
2022-07-08 price VBMPX                              90.61 USD
2022-07-08 price RGAGX                             150.11 USD
2022-07-08 price ITOT                              142.45 USD
2022-07-08 price VEA                                97.26 USD
2022-07-08 price VHT                                86.27 USD
2022-07-08 price GLD                               150.30 USD
2022-07-15 price VBMPX                              90.98 USD
2022-07-15 price RGAGX                             149.90 USD
2022-07-15 price ITOT                              140.76 USD
2022-07-15 price VEA                                98.33 USD
2022-07-15 price VHT                                88.90 USD
2022-07-15 price GLD                               148.76 USD
2022-07-22 price VBMPX                              90.73 USD
2022-07-22 price RGAGX                             149.78 USD
2022-07-22 price ITOT                              140.76 USD
2022-07-22 price VEA                                99.10 USD
2022-07-22 price VHT                                90.43 USD
2022-07-22 price GLD                               148.54 USD
2022-07-29 price VBMPX                              91.19 USD
2022-07-29 price RGAGX                             151.01 USD
2022-07-29 price ITOT                              140.74 USD
2022-07-29 price VEA                                99.92 USD
2022-07-29 price VHT                                89.79 USD
2022-07-29 price GLD                               148.02 USD
2022-08-05 price VBMPX                              90.80 USD
2022-08-05 price RGAGX                             151.97 USD
2022-08-05 price ITOT                              141.16 USD
2022-08-05 price VEA                               100.88 USD
2022-08-05 price VHT                                89.64 USD
2022-08-05 price GLD                               144.77 USD
2022-08-12 price VBMPX                              90.95 USD
2022-08-12 price RGAGX                             151.80 USD
2022-08-12 price ITOT                              141.59 USD
2022-08-12 price VEA                               101.49 USD
2022-08-12 price VHT                                89.79 USD
2022-08-12 price GLD                               140.32 USD
2022-08-19 price VBMPX                              90.15 USD
2022-08-19 price RGAGX                             150.62 USD
2022-08-19 price ITOT                              141.67 USD
2022-08-19 price VEA                               101.98 USD
2022-08-19 price VHT                                91.01 USD
2022-08-19 price GLD                               143.17 USD
2022-08-26 price VBMPX                              90.13 USD
2022-08-26 price RGAGX                             152.43 USD
2022-08-26 price ITOT                              142.17 USD
2022-08-26 price VEA                               102.12 USD
2022-08-26 price VHT                                89.89 USD
2022-08-26 price GLD                               145.07 USD
2022-09-02 price VBMPX                              90.06 USD
2022-09-02 price RGAGX                             154.12 USD
2022-09-02 price ITOT                              141.79 USD
2022-09-02 price VEA                               102.93 USD
2022-09-02 price VHT                                89.40 USD
2022-09-02 price GLD                               147.43 USD
2022-09-09 price VBMPX                              91.80 USD
2022-09-09 price RGAGX                             154.41 USD
2022-09-09 price ITOT                              144.67 USD
2022-09-09 price VEA                               101.45 USD
2022-09-09 price VHT                                87.51 USD
2022-09-09 price GLD                               146.21 USD
2022-09-16 price VBMPX                              90.85 USD
2022-09-16 price RGAGX                             151.23 USD
2022-09-16 price ITOT                              144.63 USD
2022-09-16 price VEA                                99.84 USD
2022-09-16 price VHT                                89.80 USD
2022-09-16 price GLD                               145.71 USD
2022-09-23 price VBMPX                              90.89 USD
2022-09-23 price RGAGX                             151.94 USD
2022-09-23 price ITOT                              145.77 USD
2022-09-23 price VEA                               102.32 USD
2022-09-23 price VHT                                91.13 USD
2022-09-23 price GLD                               146.64 USD
2022-09-30 price VBMPX                              90.27 USD
2022-09-30 price RGAGX                             154.03 USD
2022-09-30 price ITOT                              147.24 USD
2022-09-30 price VEA                               101.34 USD
2022-09-30 price VHT                                89.18 USD
2022-09-30 price GLD                               149.89 USD
2022-10-07 price VBMPX                              89.19 USD
2022-10-07 price RGAGX                             154.35 USD
2022-10-07 price ITOT                              148.09 USD
2022-10-07 price VEA                               103.11 USD
2022-10-07 price VHT                                88.32 USD
2022-10-07 price GLD                               148.72 USD
2022-10-14 price VBMPX                              88.06 USD
2022-10-14 price RGAGX                             156.37 USD
2022-10-14 price ITOT                              146.86 USD
2022-10-14 price VEA                               103.96 USD
2022-10-14 price VHT                                90.19 USD
2022-10-14 price GLD                               149.48 USD
2022-10-21 price VBMPX                              84.47 USD
2022-10-21 price RGAGX                             155.04 USD
2022-10-21 price ITOT                              148.53 USD
2022-10-21 price VEA                               102.83 USD
2022-10-21 price VHT                                91.99 USD
2022-10-21 price GLD                               147.88 USD
2022-10-28 price VBMPX                              83.75 USD
2022-10-28 price RGAGX                             156.87 USD
2022-10-28 price ITOT                              151.25 USD
2022-10-28 price VEA                               101.31 USD
2022-10-28 price VHT                                93.30 USD
2022-10-28 price GLD                               146.39 USD
2022-11-04 price VBMPX                              83.61 USD
2022-11-04 price RGAGX                             156.97 USD
2022-11-04 price ITOT                              152.63 USD
2022-11-04 price VEA                               101.83 USD
2022-11-04 price VHT                                91.62 USD
2022-11-04 price GLD                               146.32 USD
2022-11-11 price VBMPX                              82.07 USD
2022-11-11 price RGAGX                             159.10 USD
2022-11-11 price ITOT                              151.66 USD
2022-11-11 price VEA                               101.96 USD
2022-11-11 price VHT                                91.16 USD
2022-11-11 price GLD                               146.47 USD
2022-11-18 price VBMPX                              83.02 USD
2022-11-18 price RGAGX                             160.80 USD
2022-11-18 price ITOT                              153.23 USD
2022-11-18 price VEA                               101.96 USD
2022-11-18 price VHT                                94.09 USD
2022-11-18 price GLD                               146.27 USD
2022-11-25 price VBMPX                              83.35 USD
2022-11-25 price RGAGX                             162.63 USD
2022-11-25 price ITOT                              152.73 USD
2022-11-25 price VEA                               103.25 USD
2022-11-25 price VHT                                92.04 USD
2022-11-25 price GLD                               151.05 USD
2022-12-02 price VBMPX                              86.62 USD
2022-12-02 price RGAGX                             161.37 USD
2022-12-02 price ITOT                              152.04 USD
2022-12-02 price VEA                               105.36 USD
2022-12-02 price VHT                                93.45 USD
2022-12-02 price GLD                               153.01 USD
2022-12-09 price VBMPX                              86.66 USD
2022-12-09 price RGAGX                             161.01 USD
2022-12-09 price ITOT                              154.03 USD
2022-12-09 price VEA                               106.00 USD
2022-12-09 price VHT                                91.87 USD
2022-12-09 price GLD                               155.47 USD
2022-12-16 price VBMPX                              85.55 USD
2022-12-16 price RGAGX                             163.75 USD
2022-12-16 price ITOT                              152.99 USD
2022-12-16 price VEA                               104.81 USD
2022-12-16 price VHT                                89.57 USD
2022-12-16 price GLD                               156.42 USD
2022-12-23 price VBMPX                              84.76 USD
2022-12-23 price RGAGX                             163.30 USD
2022-12-23 price ITOT                              153.94 USD
2022-12-23 price VEA                               105.05 USD
2022-12-23 price VHT                                89.60 USD
2022-12-23 price GLD                               158.07 USD
2022-12-30 price VBMPX                              85.23 USD
2022-12-30 price RGAGX                             165.69 USD
2022-12-30 price ITOT                              155.72 USD
2022-12-30 price VEA                               105.88 USD
2022-12-30 price VHT                                88.72 USD
2022-12-30 price GLD                               162.93 USD
2023-01-06 price VBMPX                              84.77 USD
2023-01-06 price RGAGX                             165.19 USD
2023-01-06 price ITOT                              157.07 USD
2023-01-06 price VEA                               107.29 USD
2023-01-06 price VHT                                89.88 USD
2023-01-06 price GLD                               161.76 USD
2023-01-13 price VBMPX                              84.92 USD
2023-01-13 price RGAGX                             168.03 USD
2023-01-13 price ITOT                              159.96 USD
2023-01-13 price VEA                               107.59 USD
2023-01-13 price VHT                                88.33 USD
2023-01-13 price GLD                               164.25 USD
2023-01-20 price VBMPX                              84.19 USD
2023-01-20 price RGAGX                             168.33 USD
2023-01-20 price ITOT                              162.37 USD
2023-01-20 price VEA                               107.55 USD
2023-01-20 price VHT                                87.09 USD
2023-01-20 price GLD                               164.97 USD
2023-01-27 price VBMPX                              84.56 USD
2023-01-27 price RGAGX                             168.22 USD
2023-01-27 price ITOT                              162.75 USD
2023-01-27 price VEA                               107.95 USD
2023-01-27 price VHT                                88.16 USD
2023-01-27 price GLD                               167.60 USD
2023-02-03 price VBMPX                              84.06 USD
2023-02-03 price RGAGX                             170.08 USD
2023-02-03 price ITOT                              162.17 USD
2023-02-03 price VEA                               106.71 USD
2023-02-03 price VHT                                89.88 USD
2023-02-03 price GLD                               167.25 USD
2023-02-10 price VBMPX                              85.69 USD
2023-02-10 price RGAGX                             172.95 USD
2023-02-10 price ITOT                              163.07 USD
2023-02-10 price VEA                               107.18 USD
2023-02-10 price VHT                                91.88 USD
2023-02-10 price GLD                               164.51 USD
2023-02-17 price VBMPX                              84.51 USD
2023-02-17 price RGAGX                             174.17 USD
2023-02-17 price ITOT                              163.49 USD
2023-02-17 price VEA                               107.03 USD
2023-02-17 price VHT                                90.80 USD
2023-02-17 price GLD                               164.61 USD
2023-02-24 price VBMPX                              84.77 USD
2023-02-24 price RGAGX                             171.20 USD
2023-02-24 price ITOT                              163.06 USD
2023-02-24 price VEA                               106.59 USD
2023-02-24 price VHT                                87.75 USD
2023-02-24 price GLD                               163.74 USD
2023-03-03 price VBMPX                              83.23 USD
2023-03-03 price RGAGX                             174.56 USD
2023-03-03 price ITOT                              163.76 USD
2023-03-03 price VEA                               105.04 USD
2023-03-03 price VHT                                84.85 USD
2023-03-03 price GLD                               165.47 USD
2023-03-10 price VBMPX                              83.46 USD
2023-03-10 price RGAGX                             176.05 USD
2023-03-10 price ITOT                              164.01 USD
2023-03-10 price VEA                               104.23 USD
2023-03-10 price VHT                                83.77 USD
2023-03-10 price GLD                               168.50 USD
2023-03-17 price VBMPX                              83.47 USD
2023-03-17 price RGAGX                             174.85 USD
2023-03-17 price ITOT                              167.42 USD
2023-03-17 price VEA                               106.74 USD
2023-03-17 price VHT                                86.16 USD
2023-03-17 price GLD                               172.81 USD
2023-03-24 price VBMPX                              81.54 USD
2023-03-24 price RGAGX                             171.66 USD
2023-03-24 price ITOT                              168.64 USD
2023-03-24 price VEA                               105.00 USD
2023-03-24 price VHT                                86.80 USD
2023-03-24 price GLD                               172.36 USD
2023-03-31 price VBMPX                              81.21 USD
2023-03-31 price RGAGX                             171.97 USD
2023-03-31 price ITOT                              170.10 USD
2023-03-31 price VEA                               105.61 USD
2023-03-31 price VHT                                86.94 USD
2023-03-31 price GLD                               174.62 USD
2023-04-07 price VBMPX                              81.95 USD
2023-04-07 price RGAGX                             175.37 USD
2023-04-07 price ITOT                              171.10 USD
2023-04-07 price VEA                               106.33 USD
2023-04-07 price VHT                                87.82 USD
2023-04-07 price GLD                               174.62 USD
2023-04-14 price VBMPX                              82.09 USD
2023-04-14 price RGAGX                             174.88 USD
2023-04-14 price ITOT                              173.38 USD
2023-04-14 price VEA                               107.14 USD
2023-04-14 price VHT                                84.87 USD
2023-04-14 price GLD                               177.87 USD
2023-04-21 price VBMPX                              80.92 USD
2023-04-21 price RGAGX                             176.77 USD
2023-04-21 price ITOT                              172.77 USD
2023-04-21 price VEA                               108.19 USD
2023-04-21 price VHT                                85.02 USD
2023-04-21 price GLD                               176.49 USD
2023-04-28 price VBMPX                              81.27 USD
2023-04-28 price RGAGX                             178.53 USD
2023-04-28 price ITOT                              173.64 USD
2023-04-28 price VEA                               108.08 USD
2023-04-28 price VHT                                84.55 USD
2023-04-28 price GLD                               173.93 USD
2023-05-05 price VBMPX                              81.11 USD
2023-05-05 price RGAGX                             179.37 USD
2023-05-05 price ITOT                              173.75 USD
2023-05-05 price VEA                               108.94 USD
2023-05-05 price VHT                                85.96 USD
2023-05-05 price GLD                               174.13 USD
2023-05-12 price VBMPX                              79.19 USD
2023-05-12 price RGAGX                             180.21 USD
2023-05-12 price ITOT                              173.16 USD
2023-05-12 price VEA                               110.43 USD
2023-05-12 price VHT                                84.06 USD
2023-05-12 price GLD                               168.57 USD
2023-05-19 price VBMPX                              79.03 USD
2023-05-19 price RGAGX                             177.47 USD
2023-05-19 price ITOT                              175.20 USD
2023-05-19 price VEA                               109.98 USD
2023-05-19 price VHT                                84.99 USD
2023-05-19 price GLD                               167.58 USD
2023-05-26 price VBMPX                              78.74 USD
2023-05-26 price RGAGX                             176.55 USD
2023-05-26 price ITOT                              175.31 USD
2023-05-26 price VEA                               110.47 USD
2023-05-26 price VHT                                87.51 USD
2023-05-26 price GLD                               169.08 USD
2023-06-02 price VBMPX                              77.63 USD
2023-06-02 price RGAGX                             175.46 USD
2023-06-02 price ITOT                              175.64 USD
2023-06-02 price VEA                               109.82 USD
2023-06-02 price VHT                                88.11 USD
2023-06-02 price GLD                               167.83 USD
2023-06-09 price VBMPX                              77.98 USD
2023-06-09 price RGAGX                             175.18 USD
2023-06-09 price ITOT                              175.92 USD
2023-06-09 price VEA                               111.43 USD
2023-06-09 price VHT                                89.48 USD
2023-06-09 price GLD                               166.88 USD
2023-06-16 price VBMPX                              78.58 USD
2023-06-16 price RGAGX                             174.17 USD
2023-06-16 price ITOT                              178.41 USD
2023-06-16 price VEA                               110.52 USD
2023-06-16 price VHT                                87.21 USD
2023-06-16 price GLD                               166.03 USD



* Cash

